4450 5542
684 618 695 625 ·
794 534 931 588 m
1024 590 1041 603 ,
1642 478 1661 583 1
1725 478 2479 625 PRoLEGOMENA
2528 456 3104 619 GENERAmA.

732 678 753 693 ⁸
788 684 924 768 jam
974 676 1102 747 vita
1151 674 1389 743 functi?
1461 672 1737 759 Negabit
1775 671 1975 740 istud-
2031 671 2201 741 haud
2257 670 2376 739 du·
2443 671 2636 743 hunc.
2674 694 2928 743 numum
2992 674 3306 764 pertinere
3367 673 3482 740 ad-
3521 694 3751 741 annum
3808 674 3886 742 V.
3941 675 4016 743 C.

730 857 739 861 ,
804 782 940 863 bie,
1010 801 1152 847 nam
1213 800 1314 844 res
1370 778 1713 844 monetaria
1774 797 2075 864 praesens
2141 784 2379 845 tantum
2443 779 2595 849 963.
2663 778 2766 844 Ειι
2810 774 3150 867 utriusque·
3181 777 3354 853 numi
3397 784 3660 844 aetatem
3702 774 3859 865 ipsis
3900 777 4019 845 IX.

805 895 1048 973 tempus
1092 881 1399 969 respexit,
1460 900 1665 967 neque
1716 878 1798 946 ad
1851 879 2167 968 principes
2211 900 2380 946 mor·
2447 879 2628 946 aunis
2723 878 3163 977 diver-gentem.
3231 938 3240 951 .
3299 879 3790 948 eoncedendum
3819 897 3844 929 s
3865 900 4019 965 ergo

803 998 952 1055 tuos
996 1007 1066 1053 se
1107 984 1421 1072 porrexit,
1490 984 1547 1048 si
1590 1003 1814 1048 numos
1859 983 2376 1072 consecrationis,
2445 981 2591 1064 erit,
2675 986 3058 1054 monetarios
3139 983 3393 1075 publice
3463 982 3839 1050 constitutos
3911 980 4021 1048 ad·

806 1100 915 1157 aut
998 1110 1159 1177 quos
1246 1085 1660 1154 restitutionis
1748 1105 1973 1152 numos
2054 1106 2376 1166 vocamus,
2445 1084 2569 1153 huo
2621 1084 2702 1151 V.
2764 1086 2834 1153 Ο.
2896 1092 3042 1158 963.
3099 1087 3341 1155 fudisse
3391 1106 3619 1155 numos
3663 1090 3799 1172 ejus
3843 1084 4020 1171 argu·

808 1193 1051 1274 demas,
1097 1188 1214 1258 sed
1258 1188 1367 1276 qui
1409 1187 1531 1253 huc
1576 1206 1707 1255 non
1747 1189 2079 1276 pertinent.
2170 1189 2378 1267 Quae·
2446 1187 2674 1269 menti,
2737 1188 3072 1277 quod-finit
3115 1191 3262 1257 anni
3307 1196 3470 1262 954..
3529 1188 3777 1257 Eodem
3821 1187 4040 1254 modo-

806 1318 883 1364 ro
929 1292 1191 1375 deinde,
1254 1291 1493 1373 formae
1537 1289 1684 1357 illae
1728 1301 1998 1380 septem,
2069 1311 2232 1379 quae
2274 1310 2380 1373 cy·
2450 1288 2659 1359 differt
2717 1299 2922 1358 'aetate
2988 1282 3308 1361 orbiculus
3382 1290 3662 1379 ejusdem
3729 1291 4022 1375 cylindri,

808 1397 1078 1465 lindi-um
1143 1415 1322 1461 suum
1388 1386 1804 1477 constituunt,
1879 1393 2209 1463 fueruntne
2249 1392 2381 1479 *de-
2449 1395 2516 1460 in
2562 1416 2690 1483 quo
2738 1396 2905 1465 Geta
2948 1395 3192 1465 dicitur,
3215 1397 3354 1463 TR.
3396 1396 3468 1461 Ρ.
3513 1397 3629 1464 ΙΙΙ.
3679 1394 3869 1464 COS.
3915 1394 4020 1476 11„
4091 1442 4124 1452 .-

810 1503 1072 1570 stinatae
1159 1495 1242 1563 ad
1327 1497 1746 1584 peragendam
1821 1521 1949 1565 uno
2027 1496 2382 1584 eodemque
2451 1500 2612 1587 quae
2674 1506 2842 1567 sunt·
2877 1507 3048 1566 certa
3098 1498 3330 1569 indicia
3387 1500 3533 1566 anni
3590 1497 3672 1565 V.
3747 1496 3819 1563 C.
3879 1499 4026 1565 964.

813 1615 1096 1693 tempore
1158 1599 1510 1689 fusionem?
1637 1600 1777 1669 Imo
1843 1622 2027 1697 vero,
2118 1600 2379 1693 inquiet,
2453 1598 2626 1681 Quid
2684 1599 2914 1669 deinde
2974 1601 3054 1669 de
3098 1606 3435 1689 conjuncta
3495 1601 3621 1666 illis
3664 1598 3889 1667 Maesa
3934 1596 4028 1664 di·

813 1712 961 1787 nam
1027 1714 1265 1794 septem
1315 1703 1437 1770 hae
1488 1703 1726 1769 formae
1770 1707 1904 1790 jam
1964 1705 2058 1770 sic
2120 1702 2380 1791 antiqui·
2452 1724 2620 1785 cam,
2700 1724 2913 1791 quam,
3012 1704 3190 1773 nullo
3235 1714 3402 1773 certe
3449 1716 3730 1786 auctore,
3809 1707 3942 1789 jam
3985 1722 4027 1766 a

814 1820 916 1877 tus
985 1808 1052 1874 in
1120 1805 1474 1890 cylindrum
1539 1807 1748 1874 unitae
1815 1807 1938 1897 sibi
2003 1804 2383 1892 obtigerunt.
2455 1796 2779 1874 Caracalla
2842 1806 3071 1875 dictam
3098 1854 3104 1859 -
3133 1807 3328 1879 fuisse
3408 1804 3782 1895 Augustam,
3875 1823 4026 1871 con·

816 1911 1021 1994 Quin,
1113 1910 1257 1998 quia
1326 1931 1465 1976 cum
1523 1909 1789 1991 formis,
1864 1930 2023 1998 quae
2084 1906 2387 1974 exhibent
2441 1908 2621 1995 jicit?
2639 1942 2658 1961 ·
2699 1907 2787 1975 At
2852 1909 3049 1978 multo
3118 1912 3389 2000 apertius
3441 1911 3871 1979 auctoritatem
3924 1907 4029 1977 his

815 2016 1019 2103 capita
1096 2008 1414 2097 Domnae‚
1504 2022 1568 2081 et
1644 2011 2033 2099 caracallae,
2123 2014 2384 2097 conjtm·
2451 2009 2673 2078 formis
2738 2012 3056 2100 publicam
3136 2000 3449 2102 abnegant
3520 2012 3782 2082 orbiculi
3859 2010 4029 2077 simi-

782 2110 978 2186 'ctam
1029 2116 1215 2183 etiam
1266 2116 1502 2205 reperit
1554 2115 1826 2183 formam
1869 2114 2070 2181 Juliae
2112 2112 2388 2197 *Maesae
2455 2114 2588 2198 les,
2651 2134 2812 2201 quos
2857 2117 2997 2204 ipse
3037 2116 3360 2205 possideo.
3464 2116 3714 2187 Horum
3737 2134 3916 2183 unus
3957 2113 4032 2183 in

814 2241 956 2288 cum
998 2219 1183 2289 titulo
1226 2217 1578 2306 Augustae,
1596 2242 1619 2257 ⁸
1647 2216 1801 2285 inde
1852 2216 2113 2305 putabat
2156 2215 2401 2301 conjici'
2456 2238 2581 2286 una
2623 2229 2802 2306 parte
2841 2217 3056 2286 habet:
3103 2220 3520 2287 SEVERVS.
3568 2219 3711 2287 PIV
3712 2219 3778 2285 S.
3822 2214 4028 2284 AVG.

814 2345 1040 2413 posse,
1085 2321 1372 2389 Maesam
1414 2342 1545 2389 ιιοιι
1592 2320 1842 2388 tandem
1886 2319 1966 2387 ab
2010 2317 2386 2406 Elagabalo,
2459 2325 2656 2405 Caput
2707 2327 2941 2400 Severi,
3043 2322 3108 2388 in
3163 2322 3389 2390 altera·
3477 2322 3547 2387 P.
3606 2320 3710 2393 M.
3763 2316 3901 2385 TR.
3951 2317 4034 2388 P.
4160 2294 4174 2305 ⁶

790 2448 977 2517 *quae
1030 2426 1377 2492 communis
1417 2432 1528 2491 est
1583 2423 1923 2504 sententia,
2011 2419 2127 2488 sed
2169 2424 2307 2506 jam
2349 2442 2390 2486 a
2455 2423 2731 2491 XVIIII.
2794 2424 2980 2491 COS.
3028 2416 3171 2491 Im:
3217 2425 3291 2497 P.
3340 2426 3407 2492 Ρ.
3453 2429 3703 2509 &mss
3742 2435 3913 2501 stam
3962 2426 4025 2489 d.

819 2527 1142 2608 Caracalla
1223 2527 1451 2593 dictam
1511 2525 1708 2593 fuisse
1782 2525 2154 2611 Augustam,
2246 2521 2391 2611 quia
2457 2530 2632 2594 elata.
2732 2524 2911 2592 Haec
2977 2547 3196 2593 aversa
3266 2527 3348 2596 ad
3404 2524 3787 2596 Caracallum
3839 2523 4033 2613 perti-

818 2653 1000 2700 secus
1057 2630 1223 2697 inter
1246 2608 1516 2695 formas
1589 2628 1671 2694 ad
1741 2624 2131 2696 fundendos
2163 2647 2390 2695 numos
2457 2639 2597 2711 net,
2667 2637 2732 2695 et
2773 2627 2856 2695 ad
2908 2649 3136 2696 annum
3180 2629 3261 2695 V.
3311 2629 3383 2696 C.
3433 2634 3613 2712 969„
3684 2649 3821 2705 cum
3908 2649 4035 2715 qua
4159 2708 4176 2716 ᾗ

816 2737 1165 2823 imperante
1209 2728 1532 2799 Caracalla
1587 2730 1899 2799 adhibitas
1952 2730 2242 2819 reperiri
2258 2746 2393 2799 non
2459 2732 2623 2800 adeo
2688 2730 3023 2800 sociandus
3086 2730 3204 2800 fuit
3279 2731 3599 2801 orbiculus
3663 2732 4035 2849 impressum
4077 2776 4090 2784 -

817 2839 1128 2928 potuisset
1167 2835 1307 2919 illa,
1366 2855 1526 2922 quae
1567 2833 1854 2909 Maesam
1900 2832 2138 2899 diceret
2180 2832 2420 2920 Augu·
2459 2835 2701 2905 habens
2765 2844 2953 2923 caput
3006 2834 3392 2917 Garamum,
3466 2835 3573 2925 qui
3633 2845 3696 2901 et
3747 2835 3886 2920 ipse
3935 2833 4036 2898 in·

822 2949 984 3009 stam
1016 2940 1094 3027 ⁶).
1194 2935 1511 3005 Creditum
1554 2957 1705 3025 ergo
1749 2935 1865 3004 fuit
1894 2936 2137 3002 illustri
2178 2945 2428 3003 aucto·
2459 2947 2556 3005 ter
2597 2936 2719 3004 hos
2763 2960 2939 3005 meos
2982 2946 3096 3005 est.
3187 2939 3293 3005 An
3333 2944 3487 3025 ergo
3520 2937 3879 3007 caracallae
3921 2934 4033 3003 ad·

792 3045 910 3127 ri,
984 3062 1204 3112 omnes
1258 3040 1374 3107 has
1425 3040 1659 3110 formas
1723 3040 1806 3108 ad
1862 3061 2048 3106 unam
2101 3038 2392 3129 eandem·
2458 3041 2594 3107 huc
2626 3048 2826 3107 aetate
2871 3051 2935 3107 et
2976 3041 3056 3108 V.
3092 3044 3163 3109 C.
3207 3047 3353 3112 969.
3399 3040 3523 3108 fusi
3563 3038 3818 3129 publice
3859 3038 4035 3107 fuere

673 3230 677 3239 ,
820 3167 943 3237 que
964 3146 1294 3224 fusionem
1335 3143 1624 3236 valuisse.
1729 3143 1818 3210 At
1858 3166 2012 3211 vero
2067 3141 2234 3213 hano
2269 3141 2395 3211 viri
2460 3143 2633 3215 numi
2697 3163 2837 3208 cum
2899 3144 3101 3232 capite
3167 3145 3386 3211 Severi
3435 3148 3572 3232 jam
3627 3152 3774 3211 ante
3831 3158 4036 3210 annos
4154 3229 4172 3245 ·

812 3250 1123 3340 praeclari
1164 3228 1546 3315 sententiam
1596 3268 1749 3313 suae
1802 3247 2002 3335 ipsius
2045 3245 2285 3313 formae
2324 3245 2393 3311 in
2459 3247 2541 3314 V.
2605 3218 2873 3337 mortui?
2974 3245 3149 3325 Quid
3214 3245 3390 3333 qnod
3452 3241 3614 3315 inter
3670 3245 3794 3313 hos
3848 3247 4036 3337 ipsos

730 3436 741 3445 .
821 3376 940 3421 suo
985 3351 1281 3435 cylindro
1319 3351 1529 3417 unitae
1572 3349 1965 3437 redarguant.
2064 3349 2236 3417 Inter
2280 3369 2391 3415 nu·‘
2460 3368 2639 3417 meos
2708 3347 3031 3439 orbiculos
3096 3368 3256 3414 unus
3314 3358 3412 3417 est
3463 3370 3602 3416 cum
3657 3352 3860 3438 capite
3910 3349 4037 3416 Ge·

821 3478 965 3523 mos
1020 3477 1103 3521 ex
1156 3451 1505 3540 argillaceis
1560 3453 1659 3518 his
1706 3450 2006 3518 orbiculis
2050 3472 2392 3539 expressos
2461 3462 2564 3519 tae'
2618 3446 2900 3518 nondum
2952 3449 3238 3535 Augusti.
3371 3450 3475 3517 An
3529 3451 3867 3519 verisimile
3913 3455 4052 3535 est,

818 3580 985 3627 unus
1049 3566 1183 3624 est:
1272 3554 1823 3622 ANTONINVS.
1900 3554 2045 3621 PIV
2049 3554 2115 3619 S
2183 3554 2389 3622 AVG.
2457 3550 2811 3641 imperante
2866 3551 3218 3634 Caracalla,
3295 3554 3401 3641 qui
3463 3552 3673 3622 fratris
3728 3556 3847 3622 sui
3920 3576 4050 3625 noa

829 3664 1029 3745 Caput
1115 3661 1469 3726 Camenam
1553 3661 1885 3724 laureatum
1950 3660 2212 3740 juvenile
2290 3663 2396 3723 im·
2461 3677 2626 3751 men
2662 3678 2741 3724 ex
2801 3653 3008 3740 fastis,
3075 3657 3614 3745 monumentisque
3659 3656 3852 3745 jussit
3902 3680 4040 3735 era·

718 3794 741 3800 -
824 3766 1013 3832 beroe.
1099 3763 1173 3845 J(
1223 3759 1449 3827 VIeT.
1506 3758 1754 3826 PART.
1821 3759 2047 3826 MAX.
2147 3762 2400 3826 Victon'a
2467 3760 2563 3843 di,
2662 3758 2916 3849 publice
3002 3780 3265 3826 ausuros
3355 3759 3550 3827 fuisse
3609 3762 4034 3849 monetarios,

773 3892 781 3897 “
823 3871 1122 3957 gradiens.
1177 3865 1338 3931 Esse
1372 3862 1540 3931 hunc
1571 3856 1824 3930 numum
1858 3861 2105 3928 anniV.
2130 3861 2202 3928 C.
2252 3867 2398 3933 954.
2438 3868 2602 3951 ejus
2645 3862 2930 3930 Caesaris
2986 3863 3241 3929 nomine
3282 3884 3508 3930 numos
3561 3862 3756 3931 flare?
3841 3863 4039 3930 Deni-

823 3970 929 4040 vel
970 3968 1320 4058 sequentis,
1386 3965 1539 4033 olim
1594 3965 1942 4032 docebitur.
2042 3962 2224 4033 Alter
2269 3975 2393 4032 est:
2469 3987 2590 4054 que
2635 3986 2717 4033 ex
2760 3965 2914 4053 ipsis
2957 3964 3058 4034 his
3104 3967 3441 4050 orbiculis,
3488 3988 3649 4056 quos
3692 3987 3843 4055 prae
3887 3989 4038 4036 ocu-

824 4071 1377 4142 ANTONINVS.
1416 4070 1559 4139 PIV
1563 4071 1629 4139 S
1652 4063 1858 4136 A‘VG.
1881 4068 2113 4140 BRIT.
2203 4071 2404 4163 Caput
2468 4068 2550 4136 lis
2626 4069 2865 4152 habeo,
2953 4068 3277 4141 manifeste
3352 4078 3649 4159 apparet,
3737 4071 4040 4158 imagines

818 4178 1175 4247 caracallae
1225 4178 1561 4242 laureatum
1634 4174 1961 4241 barbatum.
2048 4173 2124 4257 J(
2189 4158 2402 4240 PON·
2470 4193 2605 4239 non
2659 4186 2742 4239 ex
2800 4172 3190 4256 matricibus,
3264 4174 3378 4245 sed
3436 4196 3520 4243 ex
3570 4173 3773 4245 numis
3833 4174 4044 4242 obviis

826 4275 993 4342 TIF.
1055 4277 1191 4342 ΤΒ.
1234 4277 1313 4341 P.
1359 4276 1545 4344 XIII.
1604 4276 1789 4344 COS.
1832 4276 1945 4343 III.
2045 4278 2276 4345 Mulier
2314 4300 2403 4345 sc·
2472 4274 2700 4343 malleo
2747 4278 3068 4365 percussis
3105 4279 3172 4344 in
3214 4274 3436 4363 argilla
3461 4274 3656 4345 fuisse
3693 4296 4045 4365 expressas.

702 4384 709 4389 ’
825 4384 987 4448 dem.
1087 4378 1193 4444 Ex
1248 4378 1420 4443 notis
1475 4378 1947 4475 chronologicis
2001 4389 2236 4449 certum
2287 4388 2404 4463 est,
2474 4379 2764 4446 Indicant
2817 4380 2983 4447 istud
3040 4382 3339 4468 imagines
3382 4378 3532 4446 loco
3577 4390 3812 4463 motae,
3868 4379 4047 4468 quod

3921 4535 4047 4547 -ω

896 4593 1023 4667 ,(3)
1058 4597 1096 4655 1.
1131 4618 1176 4653 c.
1211 4616 1262 4668 p.
1301 4597 1416 4653 287.
1525 4579 1529 4583 “
