4450 5542
730 1835 733 1844 ’
851 1838 1163 1920 Polybius
1256 1857 1396 1908 cum
1482 1843 1724 1932 narrat,

714 1977 727 1990 ·
851 1941 1041 2036 bellis
1119 1961 1261 2008 sese
1308 1938 1598 2006 externis
1658 1932 1967 2025 implicari
2029 1939 2202 2026 passi
2263 1945 2429 2018 sunt,

848 511 1141 611 mxxxw
1166 621 1225 654 a*

804 763 815 776 ,
848 703 1077 787 Cretae
1119 693 1346 782 urbes,
1385 709 1484 767 ιιι
1526 695 1802 767 dicemus
1844 702 1911 767 in
1952 701 2429 769 Atheniensium

773 1035 781 1046 ¹
850 1009 1075 1078 omnes
1150 1008 1383 1088 fuerint
1464 1010 1772 1092 imitatae,
1905 1033 2092 1099 quam
2188 1021 2259 1078 ut
2344 1010 2429 1078 ad

772 1195 777 1208 ι
854 1133 1251 1182 communem
1324 1121 1455 1179 tum
1526 1113 1855 1179 universae
1917 1114 2220 1182 Graeciae
2294 1137 2428 1184 mo·

850 1229 1064 1286 aetam
1136 1215 1604 1283 conformarent
1674 1236 1929 1305 quoque
1961 1279 1977 1290 ,
2002 1239 2194 1284 suam.
2355 1218 2464 1283 In·

852 1313 1113 1389 moneta·
1191 1318 1507 1385 communi
1574 1309 1783 1384 'serius
1879 1320 2078 1387 habiti
2177 1335 2433 1411 quoque

790 1419 1085 1495 'querint
1170 1422 1343 1488 numi
1428 1419 1780 1490 Alexandri
1849 1421 1947 1489 Μ.
1965 1473 1985 1505 ,
2074 1445 2242 1490 nam
2306 1424 2438 1490 hos

788 1515 797 1526 ’
848 1549 1112 1617 quoque
1162 1525 1453 1615 proxime
1492 1523 1714 1590 imitati
1768 1534 1915 1590 sunt
1966 1546 2144 1613 reges
2206 1527 2429 1608 exteri,

853 1641 925 1699 ut
965 1629 1209 1697 dicetur
1251 1631 1347 1695 in
1360 1628 1547 1715 hujus
1589 1628 1755 1715 regis
1798 1629 2022 1695 numis.
2121 1611 2436 1696 Pecuniae

850 1755 970 1825 per
1012 1731 1387 1802 Graeciam
1455 1731 1859 1798 communis·
1893 1733 2172 1799 meminit
2242 1733 2431 1800 etiam

1760 1881 1771 1894 .
1826 1813 2153 1923 Spartanis
2173 1883 2193 1917 ,
2281 1835 2433 1923 quia

856 2055 1047 2134 atque
1098 2043 1184 2109 ad
1200 2045 1215 2060 ‘
1236 2042 1461 2109 horum
1517 2048 1800 2129 siimptus
1852 2045 1988 2106 non
2039 2037 2282 2110 valere‘t
2322 2061 2432 2127 pe-

852 2149 1039 2216 cunia
1098 2145 1331 2227 ferrea,
1419 2144 1856 2210 necessitatem
1916 2142 2110 2210 fuisse
2172 2142 2430 2230 imposi-

854 2261 982 2320 tam
1011 2246 1378 2338 acquirendi
1406 2243 1636 2314 κοὶνου
1660 2268 2071 2330 νομισματος
2099 2252 2185 2326 ¹¹⁸).
2236 2244 2434 2327 Quod

857 2353 940 2423 ad
1026 2362 1341 2421 monetam
1424 2371 1675 2417 auremn
1759 2348 1982 2415 attinet
2003 2397 2023 2430 ,
2140 2347 2433 2438 videntur

858 2457 1076 2524 Darici
1138 2456 1301 2522 inter
1358 2456 1644 2522 Graecos
1707 2454 1906 2520 instar
1966 2461 2263 2518 monetae
2317 2452 2433 2519 do·

856 2560 1154 2626 mesticae
1194 2559 1513 2647 accepti
1501 2541 1727 2635 fuisse,
1796 2556 2203 2642 expensique.
2316 2553 2434 2622 La-

859 2653 1281 2741 cedaemonii,
1367 2681 1507 2725 cum
1572 2657 2075 2746 Xeuophontis
2094 2656 2325 2744 milites
2397 2676 2437 2722 a

1624 633 1631 638 ι
1705 513 2499 613 ῬιιοιιῑαοΜΕΝΑ
2566 507 3140 616 GENERAL'lA.

2491 723 2622 768 mos
2675 709 2863 769 omme
2923 717 3131 785 nome,
3205 710 3379 772 ctiam
3441 716 3667 772 vetem
3728 711 3931 790 regios
3993 727 4068 772 ac
4173 751 4182 758 ι

695 859 701 870 .
774 841 785 858 .
852 806 1089 887 numia,
1176 815 1306 872 tam
1387 803 1575 869 anxie
1662 805 1911 890 Atticae
1996 816 2287 874 monetae
2359 805 2428 872 in
2490 812 2860 891 peregrinos.
2973 808 3076 874 Ex
3121 825 3251 900 quo
3265 814 3584 896 apparet,
3657 806 3724 872 in
3767 827 4076 876 commer«

616 949 627 956 -
748 981 753 992 ,
848 909 1055 975 numia
1138 907 1271 973 suis
1356 903 1645 993 pondus,
1760 917 1989 997 typos,
2085 929 2429 997 causasque

2495 909 2577 975 cii
2619 930 2733 975 eos
2779 931 2896 976 usu
2913 932 3071 986 ιιοιι
3113 909 3325 978 fuisse.
3411 911 3562 989 Quo
3606 918 3894 998 tempore
3909 910 4066 977 Sici·

2495 1011 2583 1079 lia
2639 1023 2992 1100 praetorem
3048 1013 3312 1080 Verrem
3353 1012 3605 1095 habuit,
3678 1013 3975 1080 valuisse
4002 1014 4070 1082 in
4115 1091 4124 1099 ,
4177 1047 4190 1060 ,
4227 1027 4238 1036 ·

2478 1116 2618 1181 ‘hac
2658 1115 2864 1184 insula
2903 1137 3130 1183 numos
3174 1126 3238 1184 et
3276 1116 3634 1196 Romanos,
3687 1125 3754 1182 et
3795 1116 4067 1199 Siculos,

2499 1240 2582 1284 ex
2652 1219 2959 1286 Cicerone
3026 1218 3322 1286 discimus
3342 1227 3418 1295 1Ρ).
3530 1219 3884 1306 Imperante
3942 1223 4065 1306 jam

2501 1321 2789 1407 Augusto
2854 1332 3149 1389 monetae
3210 1320 3585 1409 provinciali
3657 1323 3865 1409 parari
3939 1323 4067 1389 exi·

2496 1424 2670 1490 tium·
2690 1425 2918 1520 coepit.
3019 1424 3100 1491 Ei
3142 1435 3360 1492 auctor
3401 1425 3518 1491 fuit
3558 1423 3932 1506 Maecenas,
3999 1433 4067 1514 ιιι

2497 1533 2580 1606 ne
2619 1528 2774 1596 urbs
2823 1529 3144 1616 propriam
3186 1509 3452 1595 haberet
3493 1518 3840 1612 monetam,
3914 1547 4069 1616 pon-

2498 1630 2650 1715 dus,
2723 1651 3106 1714 mensuram,
3181 1651 3401 1697 omnes
3466 1630 3771 1698 Romanis
3829 1644 4071 1702 uteren-
4129 1635 4148 1646 ‘

2473 1743 2598 1804 ιιιι
2618 1735 2692 1817 ⁴).
2817 1734 3065 1803 Revera
3143 1736 3214 1803 in
3288 1705 3652 1801 Occidentis
3730 1734 4070 1820 provinciis

2497 1836 2818 1925 paullatim
2894 1848 3148 1905 moneta
3231 1837 3436 1903 omnis
3520 1837 3744 1924 coepit
3781 1836 4071 1918 aboleri,
4137 1835 4150 1900 .'

2500 1940 2642 2007 sola
2690 1939 3024 2024 obtinente
3076 1941 3399 2021 Romana,
3465 1948 3536 2005 ut
3585 1947 3788 2006 tamen
3839 1939 4073 2010 diutius

2498 2066 2575 2111 ea
2627 2045 2695 2109 in
2738 2044 3086 2132 provinciis
3127 2045 3195 2111 in
3240 2044 3567 2111 Orientem
3624 2041 3849 2157 positis
3892 2041 4082 2110 dum,

2497 2157 2624 2229 ret,
2735 2147 2911 2237 qnod
2995 2155 3420 2234 argumentum
3505 2143 3833 2242 copiosius
3918 2143 4072 2210 alias

2498 2251 2913 2318 tractavimus.
3027 2248 3319 2337 Denique
3381 2269 3495 2337 per
3565 2248 3787 2315 orbem
3851 2245 4072 2336 cultio·

2498 2373 2633 2420 rem
2693 2358 2882 2439 juxta
2942 2361 3258 2417 monetam
3328 2351 3678 2438 Romanam
3752 2335 3896 2420 alia
3939 2368 4108 2430 ιιοιι-

2499 2454 2686 2537 fnit,
2759 2477 2948 2556 quam
3018 2460 3243 2539 'regum
3329 2433 3880 2542 Bosporanorum,
4010 2461 4075 2520 et

2501 2537 2848 2625 Persarum.

2503 2660 2595 2728 xii
2664 2661 2901 2742 aureis,
2982 2661 3417 2748 argenteisque
3484 2660 3686 2726 numis
3751 2657 3882 2726 suis
3943 2657 4073 2740 fere

860 2763 1017 2860 Cyri
1089 2761 1498 2853 expeditione
1566 2760 1863 2828 reducis
1893 2759 2016 2827 sibi
2091 2759 2437 2847 adiungere
2497 2772 2886 2830 constanter
2935 2763 3332 2850 imperatoris
3412 2762 3646 2844 qoaevi
3707 2767 3898 2849 caput
3965 2762 4076 2828 uni

605 2866 618 2886 ’
742 2915 761 2936 ι
858 2868 1131 2951 vellent,
1212 2866 1283 2932 in
1338 2864 1455 2932 has
1516 2865 1690 2953 leges
1743 2865 1943 2945 ivere,
2017 2874 2088 2930 ut
2135 2862 2436 2930 Daricum

858 2995 1050 3041 unum
1126 2981 1510 3038 menstruum
1581 2967 1844 3055 singulis
1914 2967 1985 3033 in
2044 2964 2436 3053 stipendium

858 3075 1115 3166 darent,
1201 3072 1532 3163 praefectis
1592 3071 1951 3138 cohortium
2009 3069 2233 3152 binos,
2322 3061 2433 3136 d'n·

636 3229 643 3236 .
736 3217 761 3229 ι
858 3178 1040 3246 cibus
1129 3174 1577 3267 quaternos⁸).
1686 3173 1744 3240 F
1744 3193 2021 3262 requeti&
2100 3172 2286 3238 etiam
2368 3171 2439 3236 in

862 3284 1251 3350 Graecorum
1316 3278 1699 3346 commercio
1746 3265 2214 3358 Cyzicenorum
2267 3295 2436 3344 men·

858 3388 952 3452 tio
967 3434 986 3469 ,
1044 3384 1129 3452 de
1169 3382 1398 3471 quibus
1442 3382 1679 3482 egimus
1723 3380 1928 3467 capite
1970 3377 2159 3446 IX.'

1034 3486 1364 3554 Romanos
1419 3494 1674 3550 moneta
1724 3491 1987 3548 externa
2052 3501 2215 3568 pro
2230 3481 2438 3552 mei-ce

863 3612 1051 3670 usos,
1127 3609 1320 3706 supra
1361 3609 1446 3654 ex
1486 3586 1698 3652 Plinio
1743 3584 2049 3664 diximus,
2118 3603 2194 3648 ac
2233 3581 2434 3648 multo

2502 2887 2732 2933 eorum
2762 2864 2944 2932 faciei
2980 2859 3418 2985 insculpsere,
3485 2866 3654 2984 quin
3684 2873 3893 2931 tamen
3944 2864 4070 2930 exi·

2502 2970 2777 3050 stimem,
2837 2970 2905 3034 in
2946 2969 3194 3057 imperii
3235 2968 3578 3058 provinciis
3620 2988 3840 3035 eorum
3879 2965 4075 3033 fuisse

2504 3093 2683 3139 usum
2740 3073 3139 3159 permissum,
3212 3073 3440 3159 partim
3495 3072 3640 3159 quia
3701 3072 3773 3137 in
3825 3073 4077 3136 moneta

2504 3183 2767 3242 externa
2819 3196 3066 3263 semper
3119 3175 3317 3242 habiti
3379 3174 3584 3254 fuere,
3639 3172 3868 3262 panim
3931 3172 4079 3258 quia

2503 3299 2724 3344 eorum
2786 3278 2959 3343 numi
3026 3278 3196 3344 aurei
3251 3300 3292 3343 a
3342 3274 3646 3342 Romanis
3705 3272 4080 3342 differebant
4101 3259 4120 3272 ’

2503 3379 2808 3468 pondere,
2834 3389 2898 3445 et
2941 3380 3096 3445 auri‘
3113 3379 3433 3467 probitate
3448 3427 3467 3460 ,
3521 3398 3667 3443 nam
3710 3398 3793 3446 ex
3837 3363 4075 3442 electro

2502 3482 2898 3578 potissimum
2964 3474 3156 3547 fuere.
3259 3483 3454 3547 Teste
3519 3480 3839 3567 Procopio
3867 3484 3915 3559 ¹)
3979 3478 4132 3558 in·

2504 3583 2699 3651 dulsit
2751 3583 3135 3678 Justinianus
3178 3583 3432 3672 regibus
3485 3582 3776 3662 Francis,
3840 3592 3910 3648 ut
3964 3603 4072 3649 eo·

861 3691 1037 3761 istud
1090 3687 1287 3778 magis
1330 3698 1503 3768 tum,
1561 3709 1647 3754 ex
1690 3707 1818 3775 quo
1861 3685 2128 3776 primum
2181 3693 2438 3751 moneta
2500 3708 2639 3754 rum
2708 3696 2963 3755 moneta
3019 3708 3248 3762 aurea,
3268 3688 3432 3753 intra
3494 3685 3740 3773 imperii
3783 3684 4072 3752 Romani

864 3804 1189 3883 argentea,
1263 3790 1534 3859 subinde
1585 3799 1651 3857 et
1703 3810 1891 3857 aurea
1931 3789 2074 3875 lege
2108 3784 2439 3906 9rdinaria

860 3901 1104 3987 signata
1144 3896 1279 3964 fuit.
1389 3896 1675 4013 Coepere
1726 3911 1879 3980 ergo
1933 3901 2065 3959 tum
2113 3891 2287 3986 numi
2329 3912 2437 3958 ex-

846 4003 1014 4120 teri,
1088 4000 1426 4091 praecipue
1477 3999 1533 4064 si
1587 3996 1958 4084 antiquioris
2014 4002 2203 4061 notae
2243 3992 2439 4076 fuere,

863 4105 932 4171 in
1007 4103 1268 4171 cimeliis
1333 4102 1570 4170 haberi.
1696 4100 1929 4167 Narrat
1999 4096 2341 4164 Suetonius
2361 4101 2438 4178 ⁰),

868 4206 1215 4292 Augustum
1315 4207 1382 4272 in
1459 4203 1895 4272 Saturnalibus
1982 4211 2260 4291 praeter·
2317 4198 2498 4266 alia

866 4308 1039 4375 varii
1094 4308 1342 4393 generis
1414 4328 1672 4374 munera
1741 4305 2033 4373 divisisse
2089 4306 2276 4373 etiam
2331 4319 2438 4372 nu·

864 4591 867 4596 .
1006 4541 1086 4607 m)
1123 4542 1259 4599 ssiat.
1293 4542 1356 4594 [a.
1388 4544 1475 4599 Vl.
1509 4565 1551 4596 c.
1586 4536 1668 4603 47,

871 4625 938 4700 p)
972 4629 1025 4682 in
1061 4628 1203 4683 Verr-
1236 4628 1293 4681 1..
1328 4628 1411 4681 111.
1447 4649 1492 4684 e.
1530 4632 1609 4686 75.
1650 4624 1732 4684 76.
1786 4669 1793 4675 -

1806 4539 1872 4611 ιι)
1905 4513 2207 4613 xenophon
2244 4543 2439 4614 Exped.
2472 4537 2674 4615 Cyn-ila
2678 4537 2835 4596 ..vil
2869 4561 2921 4611 p.
2956 4561 3028 4630 9
3061 4533 3183 4595 413.

1871 4627 1936 4699 q)
1972 4629 2080 4684 nio
2116 4630 2315 4689 ι..,ι.ιι.
2350 4630 2383 4697 5
2421 4632 2500 4682 30.

2501 3789 2660 3856 fines
2713 3810 2914 3886 aeque
2963 3789 3274 3857 valeret.
3318 3775 3515 3868 Quod
3567 3791 3711 3855 cum
3763 3785 4082 3870 indultum

2504 3912 2638 3964 non
2689 3891 2877 3959 fuerit
2931 3892 3212 3980 regibus
3249 3877 3605 3972 Persarum,
3678 3890 3799 3972 etsi
3859 3890 4075 4009 prehi-
4179 3953 4186 3959 .

2508 3996 2644 4063 beri
2684 4017 2818 4063 non
2859 3996 3243 4113 potuissent,
3303 4018 3431 4086 quo
3487 3994 3691 4062 minus
3735 4013 3950 4060 aurum
3991 3993 4075 4060 si-

2487 4108 2801 4210 guarent,
2900 4098 3049 4188 quia
3131 4108 3340 4165 tamen
3426 4104 3682 4164 moneta
3763 4116 3952 4162 aurea
4039 4113 4079 4162 a

2506 4201 2885 4270 commercio
2930 4221 3070 4269 cum
3113 4200 3417 4270 Romanis
3461 4198 3718 4266 exclusa
3759 4198 3912 4265 sibi.
3926 4196 4077 4265 fuis-

2505 4316 2605 4374 set
2664 4303 2933 4386 inutilis,
3020 4304 3335 4374 malebant
3398 4323 3527 4369 uno
3599 4287 3864 4387 argento
3931 4319 4080 4368 esse

3320 4537 3384 4605 ο)
3417 4506 3640 4605 ism
3675 4557 3720 4591 e.
3756 4537 3839 4593 75.

2638 4627 2689 4691 ι)
2721 4626 2884 4684 eoas.
2921 4625 2978 4683 ι..
3009 4606 3159 4678 ιιι.
3217 4619 3301 4675 332

2961 2555 3413 2637 lnissomanis
3456 2557 3826 2645 plerumque
3870 2554 4100 2628 obito-,1
4145 2605 4156 2614 .
