4450 5542
1618 458 2140 565 cAPv'r
2245 459 2500 534 xxm
3358 480 3649 533 cmm
3766 472 3773 477 >
3896 566 3919 587 „
4102 432 4151 507 Γ

433 624 613 694 fante
660 621 904 691 Carolo
943 618 1053 690 VI.
1094 632 1286 712 poeta
1332 623 1706 707 Caesareus,
1759 622 1861 691 'vir
1903 645 2007 692 va

359 760 366 765 ·
434 729 564 797 riae
645 726 1020 794 eruditionis
1105 746 1179 793 ac
1250 723 1511 815 solidae.
1640 704 2010 794 Inchoatum

436 829 898 911 vindobonae,
973 838 1038 896 et
1114 850 1253 895 curn
1315 810 1617 901 venetias
1685 832 2012 919 impetrata

438 933 744 1019 missione
802 930 1167 1017 redivisset‚
1256 950 1376 1019 per
1425 930 1758 998 honestum
1816 932 2011 1001 otium

431 1036 766 1124 insigniter
813 1042 1142 1125 auctum„-
1190 1037 1324 1122 ejus
1397 1034 1684 1101 abbatiae
1756 1035 2009 1122 sumpti-

437 1140 556 1206 bus
612 1136 942 1205 Austriam
983 1120 1248 1224 repetiit.
1347 1128 1631 1204 illustres
1686 1136 1753 1202 ἰιι
1814 1137 2011 1205 omni·

440 1243 557 1308 bus
615 1248 909 1309 monetae
961 1241 1187 1306 veteris
1244 1234 1550 1308 classibus
1612 1240 1806 1307 series
1862 1262 2011 1307 con·

2249 626 2531 692 Murcum
2590 624 2941 697 ΑΖαεαπιὶτ-ι·
2981 604 3053 686 Ι).
3115 622 3195 691 Β.
3257 630 3335 693 dc
3394 629 3644 695 Seelen-

2076 728 2250 811 dors,
2337 726 3217 814 εςιιιὴζισιάὑηεΤόιιιωιίοἰ,
3298 730 3692 797 c.R.M.·

2078 852 2120 897 α
2170 831 2437 897 cubiculo
2484 843 2627 897 etc:
2719 826 2892 916 quod
2955 827 3025 892 is
3072 826 3401 897 multorum
3447 851 3641 897 anno·

2078 952 2214 997 rum
2271 953 2497 1020 opera,
2554 932 2934 1018 sumptibus,
3009 951 3083 995 ac
3135 943 3375 997 suamet
3418 932 3644 1020 peritia

2078 1035 2411 1114 instruxit,
2469 1043 2533 1100 et
2583 1034 2652 1103 in
2707 1033 2844 1099 dies
2894 1051 3119 1118 augere
3142 1035 3642 1105 “accessiom'bus
3768 1029 3775 1038 ’

2079 1134 2209 1204 ιιοιι
2255 1136 2565 1207 desinit.
2594 1134 2788 1215 Quod
2832 1134 2885 1200 si
2935 1134 3167 1213 lentius
3222 1144 3322 1203 est
3374 1141 3506 1222 ejus
3562 1139 3643 1209 ad

2057 1241 2526 1330 ‚perfectionem
2590 1240 2742 1319 iter,
2814 1237 2881 1303 in
2948 1257 3134 1303 causa
3199 1232 3295 1305 est
3358 1233 3641 1331 negotio·

433 1345 624 1425 tinet,
680 1341 794 1409 sed
849 1363 1066 1431 parum
1119 1342 1328 1409 adhuc
1386 1365 1424 1411 a
1473 1352 1664 1410 tanto
1703 1364 2020 1411 annorum
2075 1365 2214 1411 rum
2280 1343 2515 1425 moles,
2603 1362 2761 1429 quae
2820 1330 3023 1405 virum
3084 1338 3294 1406 Musis
3361 1343 3640 1425 amicum,
3706 1404 3711 1411 .

436 1448 676 1535 spatio
703 1442 965 1511 eruditis
1026 1444 1311 1532 cognitas
1364 1455 1626 1536 propter
1670 1446 2009 1530 difficilem,

437 1570 598 1653 quae
640 1558 820 1615 vetus
866 1556 962 1614 est
1017 1547 1306 1643 querela²
1363 1571 1436 1615 ac
1487 1549 1650 1616 fere
1672 1548 2009 1617 ἀδυνατον

437 1652 522 1721 ad
573 1634 755 1716 illud
831 1669 1148 1715 accessum
1174 1697 1192 1732 ,
1282 1671 1431 1718 cum
1493 1638 1824 1723 videantur
1891 1653 2010 1719 viri

433 1752 798 1843 praeclarae
872 1760 1142 1819 ceterum
1216 1751 1417 1820 famae
1479 1751 1707 1822 fecisse
1772 1755 2008 1843 impen-

433 1879 604 1939 sam,
695 1875 828 1922 non
891 1865 958 1922 ut
1017 1863 1259 1923 veteres
1316 1856 1440 1923 hae
1491 1878 1648 1946 opes
1705 1860 2011 1927 servirent

437 1950 754 2044 literarum
793 1958 1224 2077 incremento,
1287 1958 1402 2026 sed
1450 1969 1552 2039 ut,
1625 1962 1797 2049 quod
1859 1960 2011 2029 alibi

379 2123 410 2133 ,
441 2072 696 2150 questus
753 2060 1018 2142 fueram,
1107 2054 1215 2127 vix
1277 2084 1359 2128 ex
1415 2071 1617 2129 terrae
1667 2062 2010 2132 visceribus

311 2208 330 2217 -
439 2174 692 2233 renatae
729 2163 1005 2230 alteram
1063 2165 1372 2230 continuo
1407 2175 1671 2236 mortem
1716 2182 2010 2254 cogeren-

353 2306 358 2313 ·
441 2280 543 2336 tur
603 2264 894 2355 experiri.
977 2264 1174 2332 Aliud
1219 2266 1427 2333 fuisse
1474 2268 1539 2333 in
1587 2268 1780 2335 simili
1823 2292 2012 2337 causa

377 2366 392 2377 ’
443 2372 715 2439 virorum
759 2367 1297 2437 nobilissimorum
1341 2370 1704 2455 institutum,
1751 2393 1827 2438 ac
1858 2394 2007 2461 pro-

411 2484 680 2575 ,Ριειεει
697 2480 882 2559 grato
924 2493 962 2536 a
1003 2456 1190 2538 nobis
1237 2473 1445 2539 animo
1493 2484 1852 2562 acceptum,
1911 2497 2007 2542 se-

443 2577 695 2667 quentia
738 2572 1028 2663 exempla
1070 2574 1406 2641 docebunt.

598 2680 891 2747 Muscam
920 2682 1052 2746 ccl-r.
1083 2685 1369 2764 principa·
1398 2680 1740 2747 clamatam
1742 2685 1814 2747 dc
1850 2676 2008 2746 Wal-

443 2784 583 2850 doek
609 2788 915 2869 exereitus
958 2784 1239 2849 Cas-semei
1267 2787 1782 2867 premar-eschani,
1824 2786 2006 2869 legio-

443 2892 538 2951 nis
577 2891 862 2970 eque-mu
900 2892 1167 2970 supremi
1204 2889 1425 2953 tribeati
1462 2899 1567 2954 ecc.
1632 2885 1850 2951 Virum
1894 2906 2009 2950 no-

309 3004 330 3025 ·
443 2988 691 3069 minavi,
739 3008 923 3074 quem
945 2986 1153 3069 Mars,
1196 2988 1333 3053 cum
1363 3008 1465 3054 res
1496 2988 1682 3053 armis
1711 2986 2005 3083 gerenda,

445 3088 764 3170 Minerva,
821 3110 960 3155 cum
1004 3089 1086 3154 ab
1130 3089 1228 3157 his
1276 3098 1579 3172 cessatur,
1632 3090 1703 3155 ἰιι
1746 3072 2006 3161 familia*—

313 3216 325 3223 ·
443 3190 720 3257 rissimls-
743 3191 878 3259 suis
906 3200 1146 3289 putant.
1224 3191 1540 3258 Illustrem
1569 3193 2012 3292 imperatorum

339 3312 362 3325 ·
439 3292 689 3377 seriem,
735 3314 809 3360 ac
841 3295 906 3361 si
944 3316 1177 3362 aeneos
1207 3297 1441 3383 primae
1468 3294 1709 3362 formae
1742 3304 2011 3383 spectes,

439 3417 480 3461 ε
497 3397 1070 3484 praestantissimis
1107 3386 1318 3479 unam,
1366 3419 1520 3486 quas
1549 3419 1662 3486 per
1688 3394 2011 3487 Europam

431 3499 756 3587 reperias,
831 3520 964 3566 ιιοιι
1015 3509 1168 3566 tam
1199 3501 1548 3588 sumptibus
1607 3501 1736 3568 suis
1799 3502 2010 3584 debet,

15 3674 18 3675 ⁷
293 3597 306 3605 ’
443 3621 650 3688 quam·
691 3600 991 3669 institutis
1050 3601 1184 3668 fere
1239 3604 1576 3689 quotannis
1637 3602 1816 3671 cluso
1871 3605 2013 3671 Jani

15 3708 18 3789 !
331 3700 360 3715 '
442 3702 684 3792 templo
740 3704 807 3773 in
863 3704 1107 3771 Italiam
1163 3705 1487 3773 itineribus
1504 3754 1522 3788 ‚
1612 3729 1686 3773 ac
1744 3718 2012 3797 purgato

15 3804 18 3943 j
442 3812 564 3871 ειῑο
606 3804 885 3890 judicio,
975 3816 1102 3895 quo
1168 3828 1495 3875 numorum
1549 3807 1738 3876 fidem
1792 3810 2011 3899 longo,

441 3906 780 3999 multoque*
826 3929 946 3976 usu
998 3909 1333 4001 explorare
1391 3909 1627 3977 didicit.
1731 3912 2014 3981 Praecla·

437 4020 581 4079 r‘um
624 4009 754 4076 hoc
794 4033 1071 4078 museum
1115 4033 1283 4079 nunc
1319 4013 1772 4083 vindobonam
1816 4019 2013 4085 transss

397 4111 639 4195 latum
679 4104 958 4200 insignes
1002 4116 1158 4181 mihi
1200 4116 1281 4182 ad
1309 4138 1609 4204 praesens
1651 4138 1811 4213 opus
1843 4140 2008 4185 com·

441 4206 806 4281 nuditates
827 4217 1058 4299 attulit,
1122 4218 1184 4287 in
1238 4241 1365 4307 quo
1422 4240 1554 4286 ιιοιι
1598 4241 1798 4315 pauca
1837 4240 2013 4311 repe»

367 4388 382 4393 ,
441 4336 584 4391 aa
611 4336 947 4385 numum
989 4316 1359 4389 ἀνεκδοτων
1401 4323 1803 4412 exernplaris,
1850 4344 2012 4412 quos

441 4420 520 4487 i·
557 4420 882 4497 :lita-amm
937 4423 1174 4491 bunum
1239 4424 1572 4513 vulgandi
1596 4427 1890 4515 princeps
1941 4427 2012 4507 li·

443 4522 876 4595 sudu-inus
916 4526 1158 4594 veniam
1202 4527 1425 4597 lubens
1467 4527 1633 4595 fecit.
1727 4577 1762 4589 ,.

399 4642 432 4655 “
465 4640 664 4719 (Vol.
705 4642 806 4711 1..)

2078 1448 2412 1536 praecipue
2499 1464 2638 1509 cum
2728 1439 3012 1508 civilibus
3094 1441 3428 1511 discordiis
3498 1444 3644 1512 Bel-

2077 1550 2246 1636 gium
2335 1540 2725 1625 misceretur,
2816 1565 2854 1609 a
2921 1543 3199 1611 ιιοειιίε
3241 1538 3464 1613 studiis
3528 1546 3643 1613 ·-ab

2077 1660 2378 1720 straxere.
3078 1698 3087 1707 .
3645 1704 3649 1713 .

2246 1757 2528 1823 Muscam
2569 1757 2766 1822 excell.
2791 1754 3061 1836 sentinae
3111 1758 3334 1819 cossim
3372 1700 3447 1819 de
3487 1755 3642 1820 Ben-

2065 1844 2233 1925 “3571ch
2296 1848 2480 1926 ιιαιάε
2550 1862 2775 1922 comas
2848 1860 2933 1923 de
2997 1856 3378 1945 fimum,
3468 1860 3673 1941 cujus·

2077 1970 2345 2028 erectam
2397 1980 2588 2048 supra
2652 1978 2875 2029 sexum
2933 1979 3112 2024 suum
3168 1968 3437 2024 mentem
3492 1957 3642 2024 mul-
3664 1991 3674 2000 ·

2078 2071 2142 2129 ta
2202 2063 2327 2131 alia
2382 2063 2810 2151 experimenta
2869 2059 3375 2127 nobilitaverunt.
3509 2061 3644 2127 Iam

2078 2165 2228 2232 inde
2275 2190 2313 2253 a
2354 2169 2552 2254 prima
2583 2167 2913 2251 juventute
2966 2161 3282 2248 elegantes
3322 2172 3502 2230 artes
3545 2174 3641 2229 to-

2076 2279 2146 2337 to
2207 2271 2416 2336 animo
2486 2266 2820 2356 complexa
2883 2265 3099 2332 faciles
3164 2265 3432 2332 subinde
3497 2264 3642 2332 illas

2078 2382 2477 2471 paratasque
2515 2379 2777 2460 experta
2841 2377 2971 2445 εει,
3040 2388 3200 2485 qnae
3265 2377 3643 2435 senectutem

2078 2475 2537 2542 oblectarent.
2615 2473 2765 2539 Hoc
2816 2462 2971 2537 illa
2979 2470 3217 2537 animo
3245 2471 3463 2559 coepit.
3510 2492 3642 2539 mo·

2011 2626 2017 2631 -
2075 2577 2180 2644 liri
2232 2577 2584 2665 Hamburgi
2630 2577 2990 2644 thesaurum
3044 2583 3335 2641 monetae
3391 2575 3641 2659 veteris,

2076 2702 2262 2769 quem
2307 2680 2605 2763 subinde,
2665 2697 2804 2746 cum
2857 2680 3010 2745 satis
3049 2681 3187 2763 jam
3248 2687 3491 2744 auctum
3537 2700 3644 2744 co·

2076 2784 2259 2860 lonis,
2287 2783 2563 2865 videret,
2617 2781 2798 2850 nullo
2844 2784 2984 2869 ipsa
3025 2779 3315 2867 adjutore
3356 2803 3470 2848 usa
3511 2780 3645 2848 vul·

2075 2888 2237 2974 gatis
2289 2876 2588 2952 hactenus
2653 2883 2854 2951 tribus
2916 2881 3344 2951 voluminibus
3407 2883 3658 2970 publici·

2064 2988 2227 3076 juris
2264 2987 2435 3069 fecit.
2526 2987 2755 3066 Erunt,
2817 2985 2943 3072 qui-
2978 2984 3058 3051 de
3112 3003 3440 3052 numorum
3484 3005 3643 3054 non·

2068 3090 2393 3171 ‚nullorum
2445 3076 2601 3170 fide,
2686 3109 2851 3176 quos
2907 3086 3230 3173 catalogus
3282 3087 3388 3152 hic
3426 3090 3643 3181 -conti-

2078 3204 2219 3278 net,
2294 3193 2514 3261 volent
2581 3178 2895 3271 dubitare,
2971 3187 3145 3276 quod
3220 3208 3439 3256 eorum
3501 3201 3642 3259 esto

2081 3295 2350 3379 arbitrii,
2425 3297 2531 3384 qui
2580 3292 2811 3373 videre.
2886 3362 2887 3365 ,
2930 3290 3257 3359 Praeclara
3306 3313 3506 3379 nuper
3532 3294 3642 3362 'ad

2078 3408 2325 3489 paratas
2368 3401 2503 3483 jam
2552 3418 2708 3486 opes
2766 3396 3044 3463 accessio
3090 3396 3263 3462 fixere
3305 3397 3475 3465 numi
3518 3419 3642 3465 ma·
3714 3456 3718 3461 .
3793 3480 3801 3493 ⁸

2079 3503 2233 3570 ximi
2299 3500 2571 3585 moduli,
2662 3523 2824 3588 quos
2890 3521 2974 3569 ex
3036 3498 3647 3570 thesauroAEnnerii

2079 3604 2367 3672 Lutetiae
2416 3604 2627 3672 venali
2687 3612 2937 3693 emptos
3001 3605 3066 3672 in
3128 3622 3407 3701 museum
3460 3626 3643 3673 suum

2082 3708 2402 3776 derivavit.

2254 3811 2532 3879 Μιιεειιπι
2575 3810 2882 3881 stannum
2920 3811 3267 3889 Naurum,
3324 3814 3498 3894 cujus
3534 3833 3639 3877 ca·
3742 3894 3752 3907 .

2082 3914 2212 4001 pite
2266 3910 2680 4001 praecedente
2734 3914 2765 3991 ξ
2810 3908 3048 3976 XLIX.
3111 3910 3315 3976 obiter
3369 3912 3639 3993 memini,

2035 4014 2042 4025 '
2082 4027 2146 4083 et
2197 4015 2450 4083 la'udavi
2506 4015 2741 4080 merita.
2876 4009 3203 4079 Monetam
3259 4020 3492 4079 tantum
3543 4036 3638 4080 re·

2081 4139 2257 4205 glum,
2345 4117 2619 4195 urbium,
2707 4114 3210 4203 populorumque
3282 4114 3640 4203 complecti·
3662 4162 3667 4169 -

2080 4231 2182 4286 tur
2236 4221 2300 4293 in
2358 4219 2528 4307 omni
2582 4217 2883 4297 metallo,
2972 4238 3106 4281 ιιοιι
3171 4225 3295 4281 tam
3356 4236 3639 4302 numero,

2080 4344 2219 4389 nam
2264 4320 2903 4388 nummum-‘circiter
2944 4330 3211 4408 quatuor
3260 4319 3456 4403 millia
3502 4344 3642 4391 cum
3740 4328 3775 4395 “,

2080 4425 2340 4490 semisse
2385 4424 2697 4504 continet3
2755 4428 2939 4514 qua'm
2992 4424 3218 4491 horum
3273 4424 3515 4509 nitore,
3542 4430 3643 4493 'ao

2081 4527 2337 4593 raritate
2354 4552 2363 4559 ·
2380 4527 2835 4614 „conspicumf
2902 4550 3056 4617 quas
3098 4537 3367 4615 'propter
3422 4526 3643 4593 landes

3184 4648 3221 4693 z
