4450 5542
1616 475 2490 585 CAPv'Tm.x
2675 468 3104 571 -„2'‘
3501 494 3724 619 uq

374 662 857 739 lacedaemone
939 669 1242 755 pecuniae
1320 689 1500 750 usus,
1588 670 1736 757 quia
1782 670 1955 753 ,Lyc
2015 667 2213 737 fuisse
2282 668 2578 757 primum,
2654 671 2764 757 qui
2840 683 3130 742 monetae
3200 696 3382 743 usum
3451 694 3588 745 non

377 788 603 855 cnrgus
659 770 985 857 antiquata
1037 780 1294 839 moneta
1358 792 1546 838 aurea
1607 780 1673 838 et
1732 792 1946 859 argen-
2017 768 2270 858 quidem
2331 770 2622 854 invenit‚‘
2661 770 2803 862 sed·
2833 773 3099 844 Romaiu
3152 778 3423 860 invexit,
3490 803 3586 848 se·

373 881 477 937 tea
508 868 799 938 *ferream
854 873 1128 957 invexit,
1195 882 1266 939 ut
1325 871 1660 961 perhibent
1708 874 1948 941 Plutar-
2016 880 2193 939 cutus
2277 872 2449 941 haud
2537 872 2728 940 dubie
2802 878 3156 967 exemplum
3240 881 3588 949 vicinorum

374 970 528 1039 chus
552 973 625 1057 ¹)
648 1021 669 1054 ,
758 973 1059 1061 multique
1145 975 1285 1053 alii,
1374 997 1536 1064 quos
1622 975 1945 1059 citabimus
1984 973 2451 1055 Graecorum,
2561 973 2999 1066 aliorumque
3056 981 3276 1050 Italiae
3383 1004 3588 1072 popu-

358 1073 441 1139 'in
515 1074 722 1144 numia
794 1074 1307 1145 Lacedaemonis.
1411 1079 1609 1166 Ergo
1672 1087 1951 1147 moneta
2015 1074 2242 1142 lorum.

372 1175 471 1245 nsi
498 1180 634 1261 jam
680 1162 843 1243 sunt·
867 1177 1156 1246 Lacones
1199 1189 1345 1247 ante
1382 1180 1773 1268 Lycurgum,
1841 1181 1950 1270 qui
2189 1178 2506 1256 Quantum
2583 1178 2768 1265 igitur
2837 1179 2907 1246 in
2976 1180 3076 1248 his
3146 1182 3426 1252 tenebris
3495 1189 3585 1253 vi·

372 1277 585 1344 floruit
642 1277 764 1344 sub
820 1279 1085 1383 primam
1130 1280 1604 1371 Olympiadem,
1680 1294 1786 1351 aut
1851 1305 1946 1351 se-
2015 1275 2166 1345 dere
2231 1279 2440 1360 licet„
2494 1278 3009 1355 verisimillimum
3063 1294 3192 1373 est,
3270 1287 3586 1355 metallum

376 1380 646 1447 eundum
719 1370 885 1446 alio's
958 1392 1203 1449 centum
1283 1395 1350 1452 et
1423 1385 1684 1472 amplius
1766 1385 1976 1451 annis
2013 1382 2179 1448 circa
2245 1380 2694 1499 olympiadum
2763 1382 3005 1450 initium
3069 1407 3399 1456 numorum
3458 1390 3611 1475 for·,

371 1494 548 1552 uite·
580 1480 1038 1570 olympiadum
1106 1484 1366 1555 initium.
1453 1488 1694 1553 Tamen
1767 1486 1943 1555 dubi·
2011 1502 2207 1550 ιιιιιιιι
2247 1484 2582 1572 accepisse.
2719 1485 2884 1571 Qui
2933 1487 3120 1555 altius
3202 1490 3281 1557 iis
3365 1513 3587 1560 aevum
3677 1484 3730 1569 ’ἡ
3807 1470 3814 1479 ,

356 1588 487 1681 ,tari
524 1594 777 1688 potest,
850 1583 1158 1655 fuerintne
1217 1588 1289 1654 hi
1339 1591 1512 1658 numi
1566 1612 1712 1658 vere
1763 1590 1943 1675 tales,
2013 1607 2096 1653 ex
2191 1587 2395 1654 numis
2489 1585 2645 1674 ipsis
2715 1559 3118 1676 adsignare
3170 1600 3584 1673 tentaverunt,

372 1687 589 1778 quales
647 1708 686 1753 a
728 1686 927 1756 nobis
979 1691 1214 1778 requiri
1267 1713 1458 1781 supra
1511 1691 1815 1776 diximus',
1881 1700 1947 1758 et
2015 1689 2292 1756 omnium
2330 1693 2466 1775 jam
2510 1688 2757 1775 judicio
2812 1690 3176 1778 planissiine
3231 1692 3386 1760 falsi
3418 1704 3583 1775 sunt,

368 1811 499 1859 non
563 1790 782 1878 potius
858 1790 1161 1883 pondera.
1293 1795 1461 1862 Sane
1532 1795 1748 1877 Plato,
1838 1802 1947 1861 aut
2014 1812 2142 1878 quo
2186 1790 2384 1858 modo
2428 1789 2625 1858 falsus
2681 1801 2850 1860 certe
2891 1793 3007 1861 fuit
3050 1792 3314 1862 Carolus
3357 1794 3584 1862 Schot-

373 1894 655 1981 qnisquis
718 1896 938 1959 ‘auctor
987 1904 1088 1961 est
1144 1894 1418 1983 dialogi,
1508 1898 1616 1985 qui
1674 1900 1947 1981 Eryxias
2012 1899 2147 1973 tus,
2214 1893 2322 1979 qui
2375 1913 2629 1975 numum
2674 1894 3041 1985 inscriptum
3087 1894 3327 1963 ΦΙΔΟ.
3380 1896 3580 1983 signa-

368 1992 755 2076 inscribitur,
812 1993 1045 2062 diserte
1098 1998 1185 2065 ait
1204 2002 1295 2076 ¹':)
1363 2006 1435 2065 ὲν
1493 2000 1564 2066 δε
1616 2000 1942 2066 Λακεδαι-
2011 2002 2142 2060 ιιιιιι
2185 2014 2246 2063 a
2267 1994 2559 2061 Phidone
2599 1992 2872 2083 Argiv'o,
2927 2004 2991 2061 et
3029 2018 3172 2065 esse
3213 2019 3281 2063 e
3295 2001 3580 2103 vetustis-

368 2118 521 2181 μανι
550 2097 814 2187 σιδηρῳ
856 2099 1148 2184 σταθμῳ
1200 2099 1566 2185 νομιζουσι.
1650 2104 1943 2189 Lacedae-
2010 2095 2193 2164 simis
2238 2117 2462 2179 unum
2480 2097 2775 2177 adseruit,
2830 2104 2899 2163 ut
2957 2095 3197 2165 dicetur
3260 2099 3347 2167 in
3353 2098 3582 2168 numis

367 2221 529 2267 ncne
551 2210 758 2267 maen
775 2199 997 2281 ferreo
1029 2207 1295 2285 pondero
1334 2226 1451 2287 pro
1482 2227 1736 2288 pec-maa
1766 2217 1940 2272 wun-
2004 2198 2343 2266 Boeotiae.
2474 2198 2665 2266 Adde
2748 2198 3079 2267 Jobertum
3163 2199 3579 2285 adserentem,

368 2312 480 2370 tar.
562 2301 744 2388 Ergo
788 2302 846 2367 si
886 2300 1035 2369 ferri
1075 2303 1363 2392 pondus
1383 2305 1593 2392 potnit
1641 2306 1943 2395 pecuniae
2008 2321 2218 2387 reges,
2283 2300 2596 2397 urbesque
2651 2302 2924 2368 Graecas
2995 2300 3204 2369 multis
3259 2314 3420 2372 ante
3480 2327 3583 2375 ur·

368 2422 546 2470 usum
588 2402 944 2490 praestare,
1000 2406 1211 2495 potuit
1262 2407 1447 2477 etiam
1502 2408 1636 2474 auri
1676 2409 1941 2495 argenti·
2009 2402 2154 2469 bem
2223 2403 2542 2471 conditam
2608 2404 2786 2471 annis
2862 2425 2945 2470 ex
3006 2402 3253 2492 triplice
3321 2407 3580 2474 metallo

370 2526 493 2592 que
532 2503 809 2609 pondus.
896 2505 1035 2572 Jam
1088 2529 1247 2589 vero
1287 2507 1551 2577 Solonis
1602 2516 1802 2577 aetate
1843 2532 1943 2577 ur·
2010 2525 2237 2572 numos
2301 2527 2540 2574 summa
2606 2506 2917 2593 elegantia
2982 2514 3046 2574 et
3097 2516 3230 2574 arte
3281 2508 3580 2594 signavis·

366 2607 485 2674 bes
526 2590 806 2676 Graecas
856 2609 1092 2697 passim
1141 2597 1409 2697 pecunia
1464 2632 1639 2694 usas,
1666 2606 1949 2697 constat
2010 2629 2085 2675 se
2089 2604 2230 2690 “’,)
2222 2627 2425 2696 quae
2467 2609 2760 2698 quidem
2803 2609 3013 2675 omnia
3088 2601 3291 2677 alibi
3316 2612 3581 2699 copiose

370 2710 507 2794 qu
564 2710 791 2798 ipsius
833 2709 1217 2798 legislatoris
1278 2714 1666 2796 testimonio,
1736 2696 1943 2833 legem
2007 2706 2455 2777 refi1tabuntur.
2571 2710 2819 2781 Numos
2891 2731 3032 2778 cum
3100 2711 3370 2802 imagine
3440 2713 3579 2781 Ho-

366 2810 622 2900 publice
673 2812 991 2880 recitantis
1055 2813 1143 2881 ab
1194 2815 1485 2887 omnibus
1538 2836 1740 2905 paene
1795 2818 1940 2885 civi-
2005 2811 2189 2894 meri,
2262 2810 2690 2901 Pythagorae,
2763 2812 3045 2897 Minois,
3118 2813 3369 2897 Midae,
3445 2814 3588 2885 Nu·'

366 2913 606 2981 tatibus
654 2924 999 3002 receptam,
1074 2937 1198 3003 qua
1248 2916 1473 2985 mortis
1523 2940 1733 3006 poena
1783 2921 1937 2989 irm-
2004 2934 2183 2996 mae,
2247 2912 2411 2981 Anci
2463 2925 2584 2983 etc.-
2635 2935 2768 2983 non
2809 2937 2956 2983 esse
3010 2915 3111 2982 his
3155 2917 3574 3000 synchronos,

358 3024 561 3110 gatar
662 3015 750 3092 ei,
824 3017 963 3105 ·qui
1062 3028 1377 3086 monetam
1484 3020 1939 3093 adulteraverit.
2004 3013 2122 3082 sed
2203 3016 2402 3085 multo
2486 3018 2686 3086 serius
2757 3020 2835 3103 jn
2917 3039 3136 3105 eorum
3216 3020 3622 3113 memoriam*

363 3115 616 3185 Docuit
664 3136 766 3184 me
810 3118 979 3187 istud
1031 3118 1495 3195 Demosthenes
1517 3123 1602 3209 ⁸).
1644 3140 1647 3143 “
1688 3123 1940 3191 Floruit
2006 3118 2323 3204 signatos,
2327 3150 2346 3163 -
2378 3118 2482 3187 vel
2533 3142 2791 3187 monere
2832 3141 3356 3210 supervacaneum
3371 3110 3573 3210 'puto.
3621 3114 3628 3127 ’

363 3217 579 3289 Solon
656 3220 1024 3289 secundum
1135 3223 1451 3294 Petavium
1559 3222 1938 3313 Olympiade
2175 3218 2284 3285 Ad
2369 3221 2526 3289 fines
2616 3222 2710 3288 rei
2799 3222 3262 3289 numismaticae
3346 3223 3575 3292 veteris

362 3319 601 3403 XLV„
668 3320 910 3412 fuitque
977 3330 1247 3417 coaevus
1306 3324 1654 3415 Tarquinio
1718 3326 1936 3392 Prisco
2007 3317 2182 3407 quod
2245 3321 2491 3404 attinet,
2563 3343 2676 3390 eos
2731 3323 2993 3415 partim
3011 3323 3334 3411 statuimus
3392 3326 3572 3397 chro-
3663 3380 3676 3389 .

366 3422 589 3512 quinto
640 3423 1076 3493 Romanorum
1136 3428 1300 3515 regi,
1368 3438 1432 3495 et
1494 3427 1667 3511 Cyro
1721 3416 1937 3496 Persa-
2004 3419 2378 3509 nologioos‚
2466 3424 2691 3514 partim
2767 3423 3242 3514 geographicos.
3374 3428 3572 3501 Chro-
3603 3444 3612 3453 ’

363 3544 503 3609 tm
578 3528 747 3614 regi,
843 3549 1029 3645 quam
1098 3537 1360 3596 aetatem
1440 3530 1745 3617 attingere
1825 3549 1936 3597 nu·
2002 3516 2284 3642 nologsci
2336 3528 2471 3610 ejus
2526 3526 2788 3609 initium,
2857 3536 2924 3593 et
2989 3527 3235 3596 exitum
3277 3524 3570 3618 defigunt.

360 3628 511 3699 Ἰιόι
556 3626 1054 3717 amantissimos,
1130 3652 1292 3720 quos
1356 3622 1657 3701 habemus
1724 3652 1935 3720 super·
2002 3618 2254 3694 Initium
2318 3628 2616 3701 continuo
2686 3626 3094 3699 definivimus.
3189 3630 3417 3699 Exitus
3476 3655 3569 3701 se·

338 3730 574 3813 ‘⁸¹30’
642 3730 833 3799 facile
896 3733 1306 3821 persuadetur
1367 3734 1479 3816 iis,
1560 3735 1670 3822 qui
1731 3733 1937 3803 numis
2004 3728 2275 3796 cundum
2351 3730 2507 3799 alias
2574 3730 2806 3800 classes
2869 3732 3026 3813 alius
3087 3741 3203 3799 est.
3303 3733 3574 3801 Moneta

358 3832 703 3901 mus
772 3833 1122 3902 metandis
1200 3844 1346 3903 sunt
1430 3833 1714 3917 adsueti,
1805 3845 1936 3902 tum
2001 3841 2180 3900 vetus
2225 3831 2675 3921 Hispaniensis
2739 3835 3084 3921 imperante
3140 3833 3329 3917 Caio,
3377 3834 3570 3902 dicto

208 3912 221 3929 ’
296 3958 311 3971 ·
362 3932 609 4021 pauit
656 3952 745 4002 ex
796 3935 913 4018 iis,
990 3956 1151 4025 quae
1203 3936 1284 4004 de
1336 3938 1538 4004 numis
1556 3937 1932 4005 -vetustissi·
1986 3933 2319 4021 Caligula,
2375 3934 2632 4018 desinit,
2697 3934 3017 4022 aliquanto
3070 3936 3364 4003 maturius
3420 3935 3568 4003 Gal·

360 4034 487 4105 fis
552 4024 817 4126 mesti,
890 4036 1184 4116 Zancles,
1267 4039 1605 4108 Messanae
1680 4038 1933 4106 docebi·
2000 4034 2154 4117 lica,
2219 4045 2284 4103 et
2347 4037 2597 4120 Italica,
2671 4041 2932 4123 eiusque
2982 4034 3353 4117 insularum,
3395 4047 3466 4104 ιιι
3502 4038 3570 4104 in

360 4154 523 4209 nu·
605 4138 909 4226 Accedit,
961 4158 1047 4209 ex
1099 4152 1353 4241 recepta
1402 4142 1638 4232 passim
1689 4152 1934 4209 senten·
2003 4138 2265 4226 singulis
2311 4137 2565 4206 dicetur.
2656 4136 2863 4205 Vrbes
2908 4138 3208 4206 Graeciae
3262 4159 3402 4205 cum
3443 4140 3570 4206 Eu

360 4238 467 4309 ffb
524 4241 816 4343 Servium
896 4242 1154 4313 'nillum
1229 4238 1429 4314 Prisci
1509 4244 1935 4313 successorem
2001 4260 2306 4329 ropaeae‚
2402 4249 2533 4306 tum
2604 4238 2950 4321 Asiaticae,
3037 4238 3171 4355 sive
3242 4261 3426 4329 quae
3472 4242 3570 4309 sui

364 4446 3568 4601 'fl-„bloyam-aj'lQllpllOO.a.)0ratadv.'1'inocrat·p.805.”Sokandameffl

540 4548 924 4616 pactas.
1582 4580 1595 4586 -
3073 4574 3080 4580 .

434 4641 597 4715 (701.
633 4646 707 4710 1)
3121 4692 3165 4759 b
