4450 5542
1624 477 2476 609 ‚CAvarxvs
2601 555 2634 584 -.
2865 476 2872 482 ’
3137 537 3160 588 .-
3422 552 3637 608 mn

584 691 767 772 Quae
839 687 1028 757 fuerit
1056 729 1071 742 ι
1100 700 1305 762 stante
1381 687 1708 779 republica
1782 707 1992 764 earum

407 779 697 860 conditio
715 841 736 876 ‚
826 793 1101 862 dicemus
1188 796 1255 862 in
1341 793 1820 881 Prole‘gomenis
1902 792 1992 860 ad

410 918 643 964 numos
694 896 1097 965 Fam1harum
1149 917 1284 984 cap.
1329 896 1443 963 VI.
1528 885 1696 964 ‘Inde
1729 896 1818 963 ab
1862 897 1990 963 Au·

408 1011 655 1088 gusto
684 981 1002 1067 monetam
1090 1000 1440 1066 Romanam
1527 997 1662 1068 fere
1750 1008 1986 1067 tantum

408 1105 655 1176 Romae
696 1102 895 1171 fuisse
936 1106 1269 1190 signatam,
1307 1112 1538 1169 certum
1585 1113 1698 1170 est
1786 1101 1981 1170 Solus

407 1206 677 1289 Strabo,
735 1206 817 1273 de
872 1227 987 1276 sua
1040 1216 1239 1275 aetate
1290 1206 1594 1294 loquenS,
1651 1207 1767 1287 ait,
1820 1205 1983 1293 Lug-

408 1307 569 1377 duni·
628 1310 1059 1377 Romanorum
1136 1310 1489 1401 praefiectos
1557 1309 1786 1376 cudere
1850 1331 1981 1376 ιιιο·

405 1422 616 1483 netam
681 1435 930 1479 auream
946 1462 973 1497 2
1035 1424 1103 1481 et
1153 1424 1506 1502 argenteam
1545 1416 1618 1494 ²).
1744 1413 1981 1480 Emeri-

409 1526 521 1584 tae
568 1517 639 1582 in
658 1515 996 1610 Hispania
1048 1539 1087 1581 a
1126 1516 1199 1583 P.
1244 1518 1486 1585 Carisio
1532 1517 1743 1604 legato
1791 1538 2011 1585 cusos·

408 1619 707 1690 denarios
770 1618 853 1685 ad
916 1618 1170 1707 pondus
1239 1631 1331 1692 et
1366 1620 1623 1687 modum
1688 1630 1978 1688 monetae

404 1723 525 1808 R„
616 1720 856 1828 docent
907 1722 1163 1810 residui
1234 1723 1306 1790 id
1332 1746 1564 1814 -.genus
1622 1724 1799 1791 numi
1872 1745 1980 1810 co-

404 1825 604 1915 piosi,
661 1843 827 1913 quos
882 1805 1337 1913 explicabimus
1386 1828 1451 1892 in
1506 1809 1779 1896 denariis
1822 1849 1973 1914 gen

402 1928 487 1996 tis
524 1927 837 1994 Carisiae.
935 1909 1041 1995 Ab
1095 1928 1233 1996 aliis
1286 1930 1769 2020 imperatoribus
1822 1952 1979 1997 non·

402 2053 731 2151 nunquam
778 2030 931 2117 alibi
987 2033 1355 2100 constitutas
1402 2029 1715 2115 officinas,
1748 2055 1810 2100 a
1856 2033 1980 2099 Ve-

400 2136 705 2228 spasiano
759 2113 1137 2203 Antiochiae
1194 2138 1445 2219 Syriae,
1536 2159 1574 2203 a
1628 2137 1977 2214 Pescennio

270 2293 289 2303 -
400 2239 473 2306 in
530 2240 824 2321 Oriente,
897 2260 935 2304 a
1000 2237 1234 2305 Clodio
1297 2238 1538 2334 Albino
1601 2239 1673 2303 in
1747 2237 1976 2324 Gallia,

402 2343 693 2412 nimirum
761 2340 947 2432 quia
965 2340 1289 2408 Romanae
1322 2342 1473 2408 sibi
1539 2341 1786 2410 clausae
1848 2342 1977 2410 fue-

398 2453 615 2528 runtr
654 2443 951 2512 diximus
985 2445 1209 2532 capite
1231 2444 1444 2526 xm„
1503 2443 1687 2552 atque
1738 2468 1821 2513 ex
1878 2468 1977 2527 ea·

402 2541 557 2617 dem
606 2570 798 2616 causa
857 2557 1191 2630 tyrannos
1214 2548 1281 2613 ιιι
1340 2567 1455 2615 sua
1518 2569 1825 2638 quemque
1886 2548 1978 2634 di·

399 2653 611 2732 tione,
679 2671 865 2740 quam
932 2651 1318 2733 invaserant,
1387 2652 1667 2739 signasse
1712 2669 2017 2738 numos,—

399 2763 628 2843 snapte
670 2763 861 2841 patet.

582 2857 742 2936 Quis
796 2856 982 2923 fuerit
1024 2855 1412 2922 officinarum
1455 2867 1653 2926 statu's
1698 2815 1853 2930 inde
1893 2860 1974 2928 ab

404 2957 783 3041 ameliam,
884 2953 1013 3046 quo
1102 2960 1475 3078 imperante,
1558 2973 1669 3028 aut
1751 2962 1973 3036 saltem

408 3082 556 3130 non
632 3061 819 3130 multo
880 3070 1034 3156 post
1108 3084 1221 3151 per
1295 3064 1653 3152 provincias
1730 3065 1975 3153 imperii

310 3215 335 3224 ,
406 3162 779 3232 distributae
825 3157 1129 3249 fuerunt,
1160 3166 1400 3236 dicetur
1453 3169 1518 3234 in
1572 3173 1837 3235 tractatu
1892 3168 1995 3234 de.

399 3267 611 3334 numis
652 3266 967 3336 inferioris
1010 3270 1166 3336 aevi.

947 3369 1021 3408 t
1392 3371 1429 3410 1&

1186 3415 1222 3453 *

560 3470 775 3551 ‘Quod
836 3471 929 3538 ad
989 3429 1236 3560 copiam
1302 3466 1631 3538 numerum
1696 3479 1973 3547 veterum

401 3565 657 3657 attinet,
726 3596 862 3640 eam
929 3594 1307 3662 magnopere
1370 3575 1675 3668 variasse,
1743 3581 1817 3639 et
1869 3595 1971 3641 va-

398 3677 569 3743 riare
612 3675 937 3759 debuisse,
1004 3684 1072 3742 et
1111 3678 1274 3744 ratio
1321 3675 1539 3759 docet,
1609 3686 1673 3746 et
1714 3677 1835 3743 hac
1858 3669 1971 3745 lo·

398 3779 717 3898 cupiet-ior
810 3780 1104 3866 magistra
1188 3780 1593 3866 experientia.

394 3881 716 3971 imperiis,
794 3884 1038 3981 regnis,
1100 3883 1454 3951 civitatibus
1521 3881 1743 3958 multa
1780 3883 1974 3956 fuisse

1726 3780 1973 3870 Amplis
2073 3821 2080 3829 -

2043 690 2346 777 ‘potentia
2398 709 2530 756 non
2583 689 2780 770 modo
2848 709 2982 756 non
3041 693 3442 781 aequandae,
3515 695 3635 763 sed

2058 793 2316 862 nomine
2370 815 2443 859 ac
2496 792 2736 860 viribus
2787 791 2986 862 multo
3044 796 3404 880 inferiores,
3481 820 3635 888 qua-

2058 918 2194 963 rum
2268 918 2425 984 opes
2488 897 2956 966 numismaticae
3017 893 3337 1004 hodieque
3408 900 3636 970 redun-

2058 986 2240 1081 dant,
2300 1021 2373 1068 ac
2417 1008 2755 1100 propterea
2783 1008 3305 1092 contemnuntur,
3351 1014 3424 1070 ut
3449 1005 3631 1073 1rha

2056 1101 2344 1181 sioruni,
2381 1091 3031 1184 ΒΥιιῙιιιοῙιειιοιιιιιι
3057 1153 3077 1186 ,
3165 1128 3242 1175 ac
3325 1097 3633 1176 variarum
3713 1180 3720 1188 ,

2058 1206 2362 1274 Graeciae
2397 1203 2515 1280 ·M.
2576 1204 2838 1272 urbium.
2952 1207 3190 1301 Contra
3241 1199 3498 1276 aliarum
3553 1211 3630 1278 il·

2055 1308 2268 1375 lustris
2315 1307 2468 1396 olim
2513 1305 2713 1374 famae
2756 1307 3101 1389 civitatum,
3157 1332 3282 1378 ceu·
3321 1312 3646 1398 Corinthi,
3689 1362 3710 1368 -

2052 1407 2291 1494 Elidis,
2352 1409 2621 1494 Olynthi
2672 1420 2790 1478 etc.
2855 1421 2962 1479 aut
3014 1410 3263 1498 nullos,
3319 1425 3441 1484 aut,
3472 1439 3628 1505 pau·

2055 1514 2342 1582 cissimos
2386 1513 2686 1580 habemus
2730 1513 2974 1582 numos.
3010 1536 3054 1546 ··
3391 1591 3402 1606 ⁸

2126 1685 2129 1688 .
2226 1618 2587 1704 Generatim
2630 1616 2757 1683 hoc
2799 1616 2949 1684 loco
2995 1639 3323 1688 monemus
3367 1631 3626 1707 tantum,
3661 1603 3673 1640 ³

2052 1709 2264 1801 (narii⁴
2316 1719 2408 1786 de·
2469 1721 2684 1808 copia,
2774 1710 2879 1786 {rel
2963 1722 3218 1789 raritate
3297 1745 3629 1794 numerum

2051 1817 2433 1911 singularum
2519 1823 2832 1889 civitatum
2919 1823 2985 1891 in
3069 1825 3328 1892 harum.
3374 1838 3628 1901 moneta

2002 1929 2305 2016 agetur)
2361 1947 2703 1994 numerum
2775 1935 3068 1993 monetae
3130 1931 3388 2013 veteris,
3464 1953 3627 2019 quae
3727 2004 3748 2018 ,

2046 2028 2132 2096 ad
2185 2038 2404 2096 nostra
2446 2040 2730 2116 tempora
2784 2030 3103 2118 pervenit,
3159 2053 3304 2097 esse
3341 2033 3624 2100 ‘incredi-

2047 2128 2273 2212 bilem,
2346 2130 2674 2220 multoque
2723 2132 2840 2199 tibi
2890 2132 3137 2200 facilius
3191 2142 3437 2202 centum
3489 2158 3623 2204 mo·

2045 2247 2230 2304 netae
2313 2235 2622 2326 Thasiae,
2707 2235 2815 2302 vel
2896 2235 3390 2319 Dyrrhachenae
3407 2288 3427 2321 ,
3518 2239 3622 2308 vel

2045 2333 2470 2406 Massiliensis
2543 2359 2768 2419 numos
2835 2349 3089 2428 praesto
3163 2340 3337 2424 fore,
3431 2345 3618 2431 quam

2046 2439 2151 2509 vel
2212 2464 2403 2509 unum
2469 2432 2878 2522 carolorum,
2962 2443 3319 2527 Othonum,
3402 2444 3621 2513 Fride·

2046 2545 2352 2629 ricorum,
2411 2543 2893 2628 ‘Henricorum,
2986 2546 3395 2628 Germanicae
3483 2535 3621 2616 stir-
3667 2608 3678 2618 .

2045 2650 2171 2748 pis*
2201 2650 2667 2739 imperatorum.
2738 2667 2742 2671 '
2779 2645 3008 2738 Neque
3062 2674 3213 2718 vero
3270 2649 3622 2741 superstitis

2047 2757 2290 2840 majore
2374 2773 2635 2821 numero
2729 2761 3018 2820 monetae
3106 2756 3362 2823 veteris.
3436 2757 3625 2830 cau'sa
3746 2837 3753 2850 ι

2045 2858 2236 2928 unica
2285 2867 2412 2939 est,
2475 2854 2650 2972 quod
2701 2854 2856 2920 illo
2877 2875 3036 2922 aevo
3093 2862 3324 2943 major
3346 2857 3463 2926 fuit
3514 2882 3624 2948 pe·

2046 2960 2266 3027 cuniae
2311 2981 2490 3040 usus,
2550 2981 2625 3023 ac
2666 2967 3007 3050 propterea
3048 2961 3372 3046 copiosius
3416 2961 3618 3056 signa·
3649 2981 3656 2986 ·
3709 3013 3716 3020 .

2041 3074 2136 3146 ta,
2215 3062 2329 3129 sed
2393 3063 2576 3128 etiam
2646 3059 2821 3149 quod
2888 3070 3146 3128 moneta
3207 3064 3616 3150 Graecorum,

2043 3165 2640 3256 Romanorumque
2663 3163 2860 3249 magis
2919 3157 3037 3229 fuit
3099 3163 3341 3247 solida,
3419 3170 3617 3255 magis

2045 3287 2286 3349 crassa,
2376 3276 2441 3333 et
2505 3265 2719 3352 figuris
2782 3265 2968 3331 altius
3042 3268 3463 3353 exstantibus,
3553 3281 3618 3340 at

2028 3364 2234 3435 'medii
2305 3369 2444 3436 aevi
2507 3376 2764 3435 moneta
2819 3366 3099 3454 gracilis,
3188 3370 3465 3456 subtilis,
3553 3383 3620 3441 et

2043 3470 2257 3560 aliquo
2344 3481 2631 3560 tempore
2717 3471 3034 3539 bracteata
3118 3482 3354 3543 tantum
3374 3525 3395 3560 ,
3487 3495 3616 3566 quo

2042 3573 2306 3658 factum,
2363 3585 2436 3642 ιιι
2485 3575 2604 3644 illa
2658 3576 2724 3641 in
2773 3585 3063 3643 nostrum
3118 3600 3337 3650 aevum
3390 3578 3620 3649 durare

2041 3681 2349 3766 potuerit,
2387 3678 2552 3746 haec
2592 3701 2727 3746 non
2768 3680 2938 3775 item.
3371 3690 3388 3708 “

2214 3781 2354 3850 Has
2405 3783 2634 3851 veteris
2693 3785 2834 3852 ae'vi
2881 3781 3178 3871 reliquias
3222 3786 3330 3851 uni
3371 3783 3616 3856 telluris

2041 3882 2352 3953 beneficio
2398 3884 2699 3954 debemus
2754 3891 2880 3952 eas'
2904 3885 3074 3953 ultro
3120 3885 3475 3968 offerentis,
3532 3888 3611 3954 si·

396 4003 585 4080 opus·
620 3985 916 4096 pecunia,
976 3995 1197 4075 suapte
1244 3995 1445 4073 patet,
1512 4007 1586 4051 ac
1637 3995 1974 4074 propterea
2020 4007 2121 4054 ve
2185 4009 2328 4056 cum
2394 3998 2660 4077 aguntur
2723 3986 3158 4071 fundamenta,
3236 3991 3369 4058 sive
3403 3990 3612 4078 ,putei
3689 4017 3708 4030 -

388 4089 797 4178 nequaquam
897 4090 1114 4155 mirum
1137 4138 1156 4171 ,
1251 4087 1680 4155 Romanorum
1704 4136 1723 4170 ,
1828 4089 1973 4155 Phi·

390 4187 563 4308 lippi
604 4190 725 4272 11„
778 4188 1015 4278 filiique
1054 4189 1405 4258 Alexandri
1447 4190 1573 4274 M,
1628 4189 1974 4258 Athenien·-

388 4292 601 4372 πίω,
684 4291 1222 4380 Syracusanorum
1306 4314 1532 4361 numos
1618 4293 1975 4365 incredibili

388 4394 589 4486 copia
641 4394 924 4483 reperiri.
1010 4396 1250 4463 Tamen
1303 4395 1477 4464 fuere
1539 4397 1843 4466 civitates
1870 4396 1971 4464 his

418 4651 431 4666 .
528 4611 587 4682 t)
624 4615 685 4670 ι..
718 4612 804 4668 iv.
840 4631 895 4684 p.
930 4635 1002 4672 m.
1037 4579 1185 4674 292(

458 4713 620 4788 ‹701-
654 4712 735 4794 ι.)

2041 4088 2394 4173 fodiuntur,
2458 4092 2592 4158 sive
2655 4091 3010 4158 muniuntur
3035 4091 3242 4173 wiae,
3275 4092 3445 4160 sive
3497 4115 3610 4161 vo·

2039 4209 2212 4268 mere
2265 4203 2436 4261 terra
2481 4192 2946 4279 proscinditur.
3053 4191 3428 4284 Plerumque
3478 4207 3611 4264 tum
3692 4212 3707 4225 ·

2039 4294 2198 4377 rari,
2259 4295 2615 4383 sparsique,
2681 4316 2874 4396 saepe
2933 4295 3164 4384 singuli
3218 4298 3611 4394 reperiuntur

2040 4397 2230 4464 ιιιιιιιί.
2343 4396 2705 4466 Lautiorem
2773 4420 2966 4524 saepe
3027 4422 3297 4471 messem
3364 4402 3610 4472 reclusa

3137 4719 3182 4826 'l
