4450 5542
846 510 1002 590 240
1513 502 1596 573 Δ
1925 497 2771 592 ‘2's‘101121-A.

761 684 767 695 '
861 679 1143 748 nermo
1227 673 1396 745 dicta
1478 683 1608 758 est,
1708 693 1974 765 cumque
2055 673 2214 744 aliae
2286 680 2423 763 jam
2490 678 2812 751 abstraxit.
2897 677 3032 749 Sed
3085 702 3199 749 cm*
3247 682 3303 748 is
3355 678 3538 751 labor
3581 679 3879 749 Herculis
3920 690 4058 749 tau

857 790 1096 851 essene
1118 779 1186 847 iu
1234 777 1452 849 Sicilia
1489 758 1810 847 Thermae
1865 777 2228 860 Himereae,
2301 778 2423 846 hae
2488 802 2625 850 rum
2681 785 3041 851 Cretensem
3107 782 3449 871 subigentis
3527 778 3869 871 placuerit
3887 783 4107 853 Seli·

856 886 1211 953 &lemniae
1281 872 1646 969 appellatae
1708 889 1872 949 sunt.
2002 882 2241 968 Earum
2294 878 2457 955 wad
2488 886 2752 970 nuntiis,
2816 886 3137 953 incertum.
3261 887 3601 974 Suggeram
3642 895 3851 952 tamen
3893 906 4057 953 non·

853 985 981 1055 huc
1027 1004 1334 1081 aquarum
1389 992 1638 1053 exstat
1658 984 1883 1065 virtus,
1950 1002 2136 1071 quam
2196 981 2421 1053 libera·
2488 986 2747 1071 nulla,
2786 1008 2945 1077 quae
2996 1006 3147 1057 eum
3192 988 3457 1075 possint
3518 1009 3657 1055 cum
3724 987 4057 1059 Selinunte

735 1114 740 1120 ·
819 1074 996 1155 iliter
1050 1076 1351 1154 describit
1411 1084 1726 1154 Fazellus.
1856 1084 2035 1153 Idem
2094 1085 2285 1172 igitur
2349 1085 2417 1152 in
2485 1099 2876 1191 connectefe.
2983 1087 3133 1165 Fuit
3170 1088 3275 1156 bic
3316 1098 3526 1157 taurus
3570 1088 3738 1161 idem
3778 1089 3916 1169 ille,
3976 1090 4049 1155 in

713 1264 732 1281 Ι
854 1187 1174 1278 signandis
1220 1186 1339 1255 his
1400 1188 1603 1255 numia
1665 1188 2011 1257 institutum
2078 1186 2196 1253 fuit
2258 1186 2417 1255 Seli·
2485 1214 2705 1283 quem
2733 1193 2887 1273 arsit
2950 1189 3260 1280 Pasiphae
3330 1190 3575 1261 Minois
3637 1191 3805 1284 regis
3864 1212 4054 1279 uxor,

852 1293 1084 1363 nuntiis
1102 1334 1126 1374 5
1224 1288 1401 1379 quod
1484 1289 1852 1359 Himeraeis.
1993 1290 2418 1383 Quemadmo-
2484 1308 2550 1363 et
2615 1298 2792 1381 cujus
2857 1288 2971 1365 illa
3021 1293 3398 1365 commercio
3462 1313 3578 1381 per
3629 1290 3941 1361 Daedali
3959 1295 4058 1361 in-

855 1394 1003 1479 dum
1066 1393 1256 1461 enim
1294 1391 1393 1475 hi,
1478 1402 1549 1459 ut
1612 1390 1918 1473 vidimus,
2000 1391 2254 1485 nobiles
2325 1392 2417 1460 di·
2484 1398 2734 1485 genium
2790 1398 2998 1487 potita
3036 1396 3237 1480 σευ).
3342 1394 3452 1461 ne
3512 1404 3833 1482 comperta
3886 1395 4057 1462 Dae·

835 1497 1044 1583 ,tionis
1099 1516 1258 1589 suae
1309 1493 1580 1562 thermas
1639 1494 1710 1562 in
1774 1503 2029 1563 moneta
2098 1495 2416 1583 praedica·
2484 1501 2667 1569 dalus
2738 1522 2780 1566 a
2847 1498 3075 1571 Minoe
3140 1499 3207 1563 in
3275 1490 3730 1579 Labyrinthum
3795 1494 4057 1567 adactus

851 1607 1102 1679 verunt,
1189 1606 1256 1666 et
1329 1596 1642 1663 finxerunt
1705 1597 1960 1684 genium
2033 1598 2209 1669 urbis
2288 1617 2418 1664 mu·
2486 1601 2856 1691 compositis
2910 1610 3045 1668 arte
3103 1599 3221 1666 alis
3280 1598 3347 1663 in
3400 1597 3573 1691 hunc
3622 1597 3876 1665 Siciliae
3929 1608 4056 1665 tra·

754 1700 792 1758 ·'
837 1700 1141 1782 hebrom,
1191 1708 1372 1780 aut,
1448 1705 1529 1763 ιιι
1598 1698 1994 1767 verisimilius
2055 1698 2220 1782 dixi,
2307 1699 2420 1768 flu·
2486 1714 2652 1773 ctum
2716 1701 3023 1781 evolavit,
3111 1709 3176 1769 et
3242 1697 3409 1787 apud
3465 1699 3853 1769 Selinuntem
3916 1699 4051 1766 bal·

851 1803 1020 1871 vium
1091 1745 1419 1868 Himerain
1485 1798 1569 1865 a'd
1640 1821 1808 1869 aram
1869 1798 2255 1918 Aesculapio
2328 1794 2421 1868 di·
2486 1826 2606 1881 nea
2622 1804 2802 1879 „miri
2854 1803 3067 1893 operis
3141 1800 3437 1890 perfecit,
3513 1802 3594 1871 de
3662 1801 3883 1890 quibus
3944 1802 4054 1888 egi
4170 1786 4197 1803 ’

854 1913 1053 1980 catam
1125 1901 1605 1982 sacrificantem,
1645 1931 1649 1940 ·
1699 1904 1789 1970 ita
1861 1911 1926 1968 et
1993 1902 2062 1969 in
2132 1902 2423 1973 Selinun-
2487 1906 2705 1997 paullo
2780 1906 2984 1973 altius.
3066 1903 3453 1991 Fugiti‘vum
3488 1924 3626 1971 cum
3668 1903 3925 1975 -claffie
3957 1905 4055 1970 in-

851 2009 1083 2086 tiorum
1151 2015 1405 2073 moneta
1464 2004 1750 2071 videmus
1807 2002 2101 2093 Hypsam
2169 2005 2421 2077 fluvium
2478 2018 2741 2077 secutus
2791 2007 3037 2089 Minos
3074 2003 3159 2071 ad
3212 2004 3362 2071 litus
3416 2004 3557 2071 boe
3592 2005 3893 2093 appulit,
3934 2004 4061 2072 ibi·
4184 1988 4203 1997 ⁶

852 2103 938 2177 ad
1012 2118 1182 2179 aram
1250 2116 1402 2177 vota
1473 2108 1846 2197 concipere,
1957 2126 2144 2195 quam
2225 2106 2421 2183 finisse
2487 2134 2609 2200 que
2673 2112 2741 2179 in
2805 2107 3099 2178 Hermlis
3169 2106 3515 2186 honorem,
3596 2102 3817 2173 baud
3839 2104 4055 2188 dnbio,

852 2204 1212 2297 Aesculapii
1288 2219 1505 2319 aperte
1568 2209 1934 2298 profitentur
2003 2208 2206 2296 gallus
2270 2210 2422 2279 huic
2487 2212 2662 2302 quod
2731 2214 2786 2281 is
2848 2222 3089 2283 taurum
3146 2208 3370 2276 Cretae
3432 2204 3551 2291 toti
3604 2206 3941 2297 deinceps
3963 2210 4059 2276 in·
4168 2235 4182 2248 .

854 2312 982 2401 deo·
1038 2334 1250 2393 sacer,
1314 2323 1380 2381 et
1435 2314 1547 2401 qui
1598 2335 1736 2381 eam
1790 2312 1859 2378 in
1914 2310 2238 2381 nonnullis
2295 2334 2419 2384 am-
2486 2316 2711 2385 festum
2781 2314 2977 2403 cepit,
3054 2308 3428 2380 Heracleam
3493 2309 3810 2408 condidit,
3898 2329 4058 2399 quae

851 2396 990 2497 bit
1050 2412 1326 2503 serpeus.
1409 2416 1655 2501 Igitur
1706 2434 2038 2481 numorum
2099 2413 2419 2506 utriusque
2486 2417 2717 2485 Minoa
2757 2437 2799 2482 a
2839 2413 3174 2483 conditore
3216 2411 3531 2505 appellata
3557 2396 3715 2479 est.
3762 2413 4054 2483 Ceterum

747 2572 756 2592 .
853 2515 1028 2585 urbis
1111 2525 1578 2601 argumentum
1625 2514 1709 2580 ad
1789 2514 2058 2588 salutem
2128 2514 2418 2605 pertinet,
2486 2525 2673 2605 caput
2734 2514 3029 2585 Herculis
3088 2520 3225 2601 jam
3297 2513 3536 2593 senile,
3610 2519 3750 2601 jam
3814 2514 4055 2631 puerile

857 2636 1041 2707 quam
1118 2626 1183 2683 ut
1261 2637 1461 2704 aquae
1533 2636 1686 2682 suae
1711 2624 2071 2703 praestare
2134 2618 2418 2704 pergant,
2487 2617 2858 2701 admodum,
2946 2626 3010 2684 et
3095 2626 3303 2685 tamen
3371 2616 3579 2683 leonis
3650 2617 3890 2683 exuviis
3957 2626 4054 2682 te.

854 2715 1240 2807 supplicatur
1295 2716 1695 2805 Aesculapio.
1825 2717 1901 2785 In
1969 2724 2146 2804 parte
2205 2738 2423 2787 aversa
2489 2730 2659 2793 ctum
2714 2721 2781 2787 in
2847 2718 2985 2789 aliis
3060 2717 3404 2787 Selinuntis
3460 2717 3721 2785 numis
3744 2717 4051 2811 compini-

858 2820 1147 2916 exhiberi
1198 2818 1593 2917 Apollinem,
1679 2818 1788 2905 qui
1845 2818 2115 2887 morbos
2180 2828 2245 2886 et
2309 2820 2420 2887 im·
2487 2832 2642 2903 tur,
2674 2822 2807 2891 sive
2847 2819 3025 2909 quod
3067 2841 3183 2908 per
3226 2819 3576 2922 universam
3616 2819 3889 2887 insulam
3931 2840 4054 2887 ma·

853 2924 1076 3004 mittit
1131 2930 1196 2988 et
1250 2920 1477 3003 aufert,
1543 2918 1746 2989 facile
1779 2919 2023 2989 damus.
2131 2921 2273 2989 Erit
2308 2921 2423 3013 igi-
2491 2944 2652 3010 gnus
2692 2922 2812 2991 finit
2853 2927 2986 3008 ejus
3032 2922 3135 2989 dei
3179 2916 3416 3004 cultus,
3463 2924 3594 2988 sive
3637 2920 3815 3008 quod
3858 2920 4051 2988 omni·
4080 2938 4113 2953 ··

839 3038 954 3100 tur
1025 3022 1284 3102 mulier,-
1361 3043 1520 3111 quae
1582 3042 1786 3109 equos
1837 3021 2230 3105 moderatur,
2317 3034 2425 3090 aut
2492 3027 2609 3093 bus
2660 3026 2717 3094 is
2772 3026 3060 3107 thermis,
3150 3033 3219 3091 ut
3271 3023 3425 3093 alias
3488 3014 3791 3105 diximus,
3879 3040 4052 3113 prae-

855 3129 1076 3217 genius
1129 3125 1332 3207 urhiS,
1418 3134 1524 3192 aut
1588 3146 1775 3195 soror
1829 3120 2064 3208 Diana,
2152 3133 2218 3192 et
2284 3126 2424 3214 ipsa
2489 3126 2667 3213 sidet.
2756 3210 2763 3215 ,
2897 3208 2904 3225 .

856 3241 1087 3321 potens
1121 3228 1342 3300 malos.
1368 3227 1628 3295 morbos
1681 3246 1998 3297 atemere
2052 3237 2119 3295 et
2168 3227 2423 3298 ,cohibe-

855 3355 958 3416 re,
1032 3331 1206 3420 quod
1278 3332 1524 3419 experti
1587 3338 1732 3397 suut
1785 3331 2013 3397 Graeci
2072 3329 2242 3418 apud
2294 3330 2420 3397 Au·
2660 3333 2887 3399 Mulier
2967 3336 3174 3399 sedem
3248 3334 3312 3399 d.
3383 3333 3562 3413 longe
3623 3322 3846 3395 mado
3920 3344 4047 3391 ca·-

856 3434 1070 3505 Iidem.
1147 3482 1158 3489 -
2480 3444 2713 3517 pmcn
2791 3446 2970 3513 tenet,
3026 3470 3033 3477 ·
3099 3438 3400 3503 museum
3482 3451 3722 3499 surm
3802 3429 4046 3523 αιιοιὶίι,

1029 3537 1332 3623 Superest
1387 3542 1630 3623 taurus,
1704 3535 1858 3623 qui
1876 3535 1945 3601 in
1997 3535 2200 3621 numia
2254 3534 2421 3623 prio·
2488 3556 2745 3619 superne
2807 3535 3034 3619 felium
3117 3540 3258 3618 opti.
3356 3536 3430 3600 In
3513 3534 3809 3603 ammi&
3889 3528 4050 3597 adiu

857 3636 1033 3705 ribus
1071 3633 1302 3702 insistit
1343 3637 1642 3722 pegmati,
1715 3637 1782 3702 in
1835 3614 2297 3724 posterioribus
2342 3635 2422 3716 ab
2484 3651 2799 3723 praeterea
2837 3638 3161 3719 metm.
3195 3632 3269 3718 )(
3312 3630 3845 3702 ΣΕΛΙΝΟΕΣ.
3888 3622 4052 3697 ΣΕ·

801 3725 819 3738 ’
860 3733 1136 3806 Hercule
1209 3732 1513 3804 domatur.
1660 3724 1925 3805 Faffitur
2007 3738 2420 3819 Burmannus,
2489 3742 2605 3807 AI
2604 3739 2809 3807 NON
2812 3739 2911 3804 TI
2912 3734 3044 3804 ΟΝ
3143 3737 3306 3801 Boe
3352 3754 3483 3802 cum
3544 3733 3733 3816 facie
3784 3735 4053 3801 hmana-

859 3840 968 3929 qui
1009 3836 1372 3910 adstitutum
1412 3859 1554 3905 esse
1597 3848 1811 3906 censet
1838 3848 2203 3927 propterea,
2249 3837 2421 3926 quod
2490 3841 2628 3917 AB.
2672 3838 2790 3906 111.

858 3951 1036 4010 sueta
1075 3939 1433 4029 Apollinis
1440 3938 1695 4013 victima
1738 3949 1849 4009 est.
1936 3938 2102 4021 Nam
2139 3941 2196 4005 si
2233 3939 2420 4020 istud,
2663 3940 3177 4025 Havercampus
3285 3946 3350 4003 et
3446 3936 3747 4023 Princeps
3810 3935 3892 4002 T.
3960 3932 4052 4002 M.

771 4090 777 4097 -
860 4064 970 4113 cur
1025 4044 1083 4110 is
1136 4062 1382 4129 semper
1439 4042 1619 4119 abest
1670 4064 1710 4108 a
1750 4050 1928 4131 parte
1967 4042 2204 4124 antica,
2268 4063 2422 4128 quo·
2491 4041 2813 4112 sedentem
2894 4039 3216 4109 mulierem
3303 4036 3483 4109 deam
3526 4036 3855 4107 ”Salutem
3936 4045 4054 4103 sta-

858 4146 977 4217 ties
1061 4142 1129 4210 iu
1212 4164 1430 4210 aversa
1515 4164 1659 4219 cum
1748 4142 2023 4213 Hercule
2110 4143 2429 4230 confligit?
2494 4155 2706 4226 ιιιιιιιι,
2792 4153 2855 4209 et
2940 4142 3107 4209 hunc
3192 4147 3411 4228 typum
3483 4138 3625 4206 cum
3692 4145 4055 4224 argmnw

861 4244 1066 4312 Abest
1133 4244 1368 4332 igitur,
1437 4246 1586 4335 quia
1665 4265 1806 4312 eum
1869 4244 2208 4328 Hercules,
2296 4256 2429 4313 tan·
2496 4266 2828 4314 numerum
2877 4236 3381 4332 praecedentium
3434 4236 3828 4317 connectunt.
3942 4237 4062 4305 {Vm

3091 3214 3126 3251 ,ι
3210 3200 3215 3207 .

565 4402 568 4407 .
772 4405 776 4409 ,
866 4366 1051 4434 quam
1116 4346 1225 4433 qui
1294 4344 1378 4415 ad
1451 4369 1522 4425 se
1587 4346 1928 4437 pertineat,
2013 4348 2083 4414 in
2150 4369 2432 4426 aversam
2499 4369 2638 4417 rum
2690 4355 2903 4435 gestus
2948 4344 3223 4414 mulieris
3287 4342 3484 4431 magis
3548 4352 3647 4431 est
3712 4349 4063 4429 serpentem

921 4643 934 4650 Ἴ
997 4564 1062 4630 d)
1098 4564 1319 4618 Diodor.
1355 4560 1416 4618 L.
1446 4564 1532 4616 lv.
1563 4583 1616 4617 c.
1655 4567 1737 4619 13.
