4450 5542
616 452 645 581 ².
726 515 735 521 ·
825 492 1012 547 xvm
1420 492 1433 501 ·
1508 510 1551 565 -·
1733 424 2477 552 PnoLEGOMENA
2530 456 3146 565 GENERALIA.'

829 638 916 703 Π
914 632 1053 703 ΟΠ
1052 631 1225 701 ΟΛΙ
1308 632 1610 720 Ejusdem
1677 644 1936 704 naturae
2005 648 2153 705 sunt
2221 637 2395 705 numi
2462 657 2613 704 cusa
2697 626 3126 726 reperiuntur,
3209 634 3386 725 quod
3453 592 3777 723 signorum
3839 652 4042 724 genus

831 747 1022 806 testes
1073 736 1263 803 initae
1327 757 1493 802 cum
1527 754 1651 803 una
1711 736 2078 827 pluribusve
2132 738 2414 808 urbibus
2463 759 2605 815 esse
2653 740 2871 807 mutati
2921 738 3024 807 vel
3077 737 3368 829 permissi
3431 738 3670 807 valoris
3734 736 4044 806 indicium
4175 768 4188 773 ·
4307 744 4312 749 “

834 838 1241 921 concordiae,
1308 858 1553 927 semper
1620 844 1825 911 tactis
1862 843 2019 926 aris,
2087 860 2402 933 sacroque
2462 824 2750 932 plerique
2817 841 3195 910 existimant.
3295 841 3387 909 At
3448 842 3615 909 enim
3677 841 4042 910 incusorum

832 945 955 1011 ritu
1007 939 1311 1015 celebrari
1367 941 1624 1025 solitae,
1690 949 1866 1033 cujus
1922 946 2153 1014 deinde
2205 948 2400 1033 mutui
2467 943 2779 1030 ejusmodi
2839 932 3188 1031 sigillorum
3250 943 3534 1012 nondum
3599 943 3752 1013 satis
3818 942 4039 1032 explo-

832 1043 1108 1151 foederis
1150 1062 1340 1111 causa
1375 1045 1653 1133 insignes
1698 1046 1768 1114 id
1810 1066 2009 1135 genus
2057 1051 2231 1118 numi
2268 1068 2405 1121 non
2465 1056 2668 1114 ratam
2719 1045 3026 1116 habemus
3086 1048 3426 1130 rationem,
3464 1056 3555 1114 et
3606 1045 3774 1116 forte
3803 1050 4046 1115 certius

742 1172 747 1181 ·
835 1138 971 1214 sine
1014 1147 1439 1216 ostentatione
1475 1149 1702 1234 signati
1731 1160 1894 1218 sunt.
1960 1152 2149 1220 Adde
2177 1166 2405 1223 numos
2472 1149 2612 1245 quis
2681 1149 3073 1238 probaverit,
3162 1150 3345 1237 signa
3416 1146 3530 1215 illa
3600 1149 3686 1216 ad
3757 1158 4048 1233 monetae

828 1246 1189 1338 frequentes
1228 1250 1572 1338 inscriptos
1623 1250 2192 1339 ΛΝΘΘΗΚΕΝ,
2246 1256 2408 1324 sacri
2469 1250 2754 1320 valorem
2817 1271 2952 1335 non
3014 1252 3355 1343 pertinere,
3415 1251 3575 1339 quia
3632 1253 3871 1335 numia,
3938 1243 4049 1341 qu‘i

837 1353 1022 1420 etiam
1092 1351 1247 1419 ritus
1307 1352 1607 1438 formula,
1678 1353 1762 1422 de
1816 1354 2041 1445 quibus
2095 1376 2179 1425 ex
2230 1359 2409 1426 insti·
2457 1362 2728 1422 moneta
2788 1376 2921 1427 non
2980 1354 3262 1438 fuerunt,
3334 1353 3554 1421 inserti
3614 1363 3791 1437 sunt,
3859 1374 4048 1444 qnam

838 1464 976 1523 tuto
1035 1475 1286 1542 agemus
1344 1456 1542 1525 alibi.
1627 1456 1785 1524 Item
1838 1480 2064 1527 numos
2120 1453 2406 1561 Antinoi,
2469 1457 2880 1576 probaverint
2949 1457 3088 1541 alii,
3175 1478 3403 1527 numos
3478 1457 3734 1524 maximi
3806 1455 4050 1524 moduli

840 1558 1094 1625 maximi
1144 1558 1483 1648 plerosque
1538 1559 1811 1643 moduli,
1885 1562 2167 1648 signatos
2222 1550 2409 1645 etiam
2472 1561 2546 1639 in
2575 1557 2874 1631 monetae
2913 1559 3066 1629 loco
3106 1560 3458 1650 putandos,
3514 1559 3672 1649 quia
3716 1559 3818 1628 his
3874 1559 4050 1647 sigil-

664 1748 677 1759 .
756 1718 765 1726 ,
841 1658 922 1727 ab
988 1660 1317 1745 urbibuss
1356 1682 1521 1755 quae
1577 1683 1893 1752 nunquam
1962 1664 2116 1732 alias
2179 1683 2408 1733 numos
2473 1663 2557 1731 lis
2617 1665 2864 1743 onerati
2927 1673 3090 1733 sunt.
3185 1660 3470 1730 Βίιιιιιιὼ
3529 1661 3612 1729 de
3674 1661 3776 1735 hin
3842 1662 4072 1761 numis-

842 1763 1026 1850 hujus
1085 1762 1327 1832 formae
1390 1764 1722 1848 cuderunt,
1783 1776 1958 1834 certo
2020 1778 2418 1856 argumento,
2476 1767 2786 1835 sententia
2824 1766 2972 1851 fuit,
3027 1786 3249 1836 revera
3290 1784 3438 1848 eos,
3495 1765 3604 1854 qui
3655 1770 3884 1833 numos
3924 1762 4053 1833 hos
4209 1762 4224 1773 '

844 1885 976 1931 non
1017 1863 1209 1934 finisse
1252 1889 1366 1947 eos
1408 1868 1475 1936 in
1518 1878 1810 1938 monetae
1854 1870 2206 1939 ordinariae
2239 1872 2413 1955 loco,
2480 1858 2810 1938 feriundos
2864 1889 3192 1953 curavere,
3249 1885 3386 1937 non
3436 1866 3813 1953 intendisse,
3862 1877 3932 1935 ut
3983 1868 4053 1935 in

844 1967 961 2035 sed
1003 1980 1297 2056 erogatus
1341 1966 1679 2040 occasione
1730 1971 2030 2041 festorum
2044 2023 2064 2058 ‚
2120 1975 2416 2064 quamdiu
2483 1983 2774 2040 monetae
2811 1971 2963 2040 loco
2989 1980 3255 2054 essent,
3301 1980 3368 2039 at
3404 1979 3814 2060 posteaquam
3857 1968 4053 2038 semel

847 2068 1226 2139 observandi
1287 2078 1455 2160 ejus·
1479 2074 1753 2142 catamiti
1825 2077 2070 2145 insania
2145 2077 2412 2148 dinavit.
2484 2074 2827 2159 distributi
2850 2075 2919 2141 in
2977 2073 3208 2162 vulgus
3278 2072 3484 2159 fuere,
3557 2076 3627 2141 in
3698 2073 4057 2141 commercii

846 2172 1137 2262 Denique
1190 2173 1470 2245 addendi
1521 2178 1692 2244 numi
1733 2178 2274 2261 Syracusanorum
2321 2198 2416 2249 ar-
2486 2178 2806 2266 negotium
2847 2176 3042 2247 fuisse
3084 2175 3410 2245 admissos
3441 2174 3788 2257 constituto
3838 2173 4057 2244 valore

848 2276 1058 2363 gentei
1108 2276 1444 2347 voluminis
1494 2279 1769 2362 insoliti,
1833 2302 2100 2370 quorum
2152 2292 2421 2371 quatuor
2486 2301 2607 2369 pro
2648 2280 2952 2370 ponderis
2997 2288 3076 2347 et
3101 2278 3337 2400 metalli
3378 2279 3624 2347 ratione
3644 2274 3752 2365 ·.·)
3808 2277 4060 2345 Judicet
4141 2322 4149 2329 .
4253 2324 4272 2335 .

848 2378 1338 2479 repraesentavit
1389 2382 1688 2483 Princeps
1742 2367 1964 2452 Turris
2026 2382 2273 2454 Mutiae
2330 2396 2419 2454 ta·
2485 2382 2706 2452 lector.

851 2480 1013 2549 bula
1064 2481 1332 2551 LXXII.
1397 2484 1661 2575 Siciliae
1714 2504 1865 2554 suae
1939 2487 2421 2557 numismaticae.
2662 2478 2845 2564 Quae
2903 2482 2988 2551 de
3049 2471 3256 2551 nnmis
3309 2464 3565 2554 maximi
3613 2480 3896 2555 moduli
3887 2479 4056 2583 bac·

852 2583 1179 2653 Exhibent
1216 2585 1314 2667 hi,
1369 2596 1438 2654 ut
1475 2588 1545 2654 in
1586 2587 1772 2674 hujus
1815 2588 2039 2678 populi
2082 2590 2292 2656 numis
2331 2588 2422 2656 di·
2491 2596 2671 2655 tenus
2742 2585 3084 2674 disputavi,
3150 2607 3266 2655 eos
3331 2587 3640 2654 rationem
3701 2605 3888 2655 verae
3947 2596 4055 2672 pe·

855 2695 1058 2768 cetur,
1123 2688 1423 2777 scriptum
1475 2693 1662 2776 juxta
1724 2686 2088 2779 panopliam
2147 2691 2425 2760 vocabu·
2489 2691 2710 2758 cuniae
2761 2709 2894 2763 non
2945 2678 3272 2769 habuisse,
3326 2671 3494 2757 forte
3544 2689 3730 2756 etiam
3780 2686 3864 2754 ad
3913 2706 4055 2774 par-

853 2785 985 2857 l'um
1068 2790 1375 2867 ΛΘΛΑ,
1459 2792 1532 2861 id
1598 2801 1724 2861 est=
1793 2799 2071 2862 victoriae
2135 2801 2423 2879 praemia.
2493 2803 2620 2861 tem
2672 2808 2957 2880 magnam
3013 2792 3344 2861 numerum
3385 2790 3570 2859 etiam
3619 2790 3878 2859 minoris
3926 2788 4057 2856 for·
4165 2882 4172 2887 ·

858 2892 1173 2973 Quoniam
1228 2895 1402 2962 numi
1453 2894 1521 2961 hi
1571 2894 1952 2964 ordinariam
1993 2896 2429 2980 Syracusano·
2493 2916 2659 2977 mae,
2740 2895 2848 2985 qui
2921 2894 3071 2964 inde
3136 2895 3218 2963 ab
3283 2893 3620 2962 Antoninis
3691 2912 3806 2982 per
3868 2891 4071 2960 urbes

856 3014 993 3062 rum
1046 3003 1393 3069 -monetam
1478 2997 1705 3066 nimio-
1751 2998 2096 3085 excedunt,
2182 2998 2429 3090 'oppido
2495 3001 2774 3067 Graecas
2816 2998 3047 3087 signati
3087 3006 3255 3080 sunt,
3297 3007 3570 3086 possunt
3609 2992 3884 3065 extendi.
3955 2991 4060 3061 Ab
4143 3047 4208 3081 ,ὀ

838 3094 1011 3164 ‘mihi
1072 3097 1319 3166 videtur
1371 3100 1736 3183 verisimile,
1807 3124 1887 3169 το
1941 3103 2219 3171 ΑΘΛΑ
2273 3102 2432 3170 refe·
2496 3101 2625 3169 hoc
2675 3103 2841 3168 enim
2895 3111 3204 3189 tempore
3211 3090 3300 3167 ‘in
3341 3099 3443 3167 his
3484 3118 3739 3188 qnoque
3776 3097 4061 3184 stequen'·

856 3199 1123 3268 rendum
1162 3201 1247 3269 ad
1288 3202 1469 3322 ipsos
1510 3202 1633 3271 hos
1674 3222 1932 3288 numos,
1994 3215 2060 3273 et
2109 3205 2307 3277 finisse
2347 3206 2430 3273 si·
2495 3201 2800 3298 tissimum
2851 3208 3277 3290 argumentum
3327 3211 3474 3270 sunt
3524 3199 3693 3281 ludi,
3757 3200 3921 3265 sacri
3981 3199 4067 3263 ri·

863 3313 1123 3422 gnatos,
1175 3314 1245 3371 ut
1294 3305 1373 3373 iis
1427 3306 1519 3373 in
1542 3307 1882 3395 praemium
1937 3305 2270 3391 cederent,
2323 3309 2434 3397 qui
2465 3316 2630 3390 tus,
2690 3317 2755 3374 et
2806 3306 3031 3375 similia
3083 3304 3239 3386 alia,
3307 3322 3469 3392 quae
3520 3320 3712 3388 supra
3758 3318 4066 3368 memora-

860 3406 995 3474 sive
1064 3406 1132 3471 in
1194 3407 1390 3474 sacris
1465 3409 1939 3492 certaminibus,-
2014 3410 2149 3480 sive
2223 3410 2432 3479 verius
2496 3408 2602 3478 vi.
2673 3409 2870 3497 Atqui
2952 3414 3207 3472 moneta
3275 3402 3638 3471 domestica
3715 3400 4109 3492 provintiis,

860 3509 932 3575 in
1002 3505 1167 3575 belli
1226 3506 1366 3575 alea
1430 3510 1839 3597 insigniorem
1908 3521 2212 3581 naverunt
2281 3533 2434 3601 ope·
2502 3526 2667 3599 opus
2718 3531 2852 3578 nou
2908 3507 3131 3591 fuisse,
3199 3526 3284 3573 ex
3317 3514 3467 3596 q'uo
3520 3524 3750 3593 magno
3807 3522 4068 3573 numero

814 3627 1017 3680 ram.
1368 3644 1373 3647 Δ
2208 3676 2213 3683 ,
2500 3614 2834 3701 importata
2901 3610 3020 3681 ssuit
3081 3608 3399 3691 Romana,
3472 3607 3708 3679 docent
3779 3606 4072 3696 exempla
4143 3602 4168 3609 “

1041 3708 1170 3792 Qui
1213 3712 1496 3781 Graecos
1542 3713 1857 3781 maximae
1912 3695 2154 3782 formae
2206 3734 2434 3785 numos
2505 3712 2882 3798 Galliarum,
2970 3708 3446 3813 Hispaniarum,
3533 3710 3816 3792 Africae,
3913 3730 4071 3797 qm

866 3834 1078 3885 veram
1128 3824 1443 3883 monetam
1494 3814 1786 3899 credunt,
1845 3836 1926 3883 eo
1966 3816 2268 3886 nituntur
2319 3839 2434 3918 po·
2499 3817 2652 3888 inde
2694 3816 2775 3886 ab
2819 3817 3164 3905 Augusto,
3192 3814 3297 3884 vel
3345 3811 3571 3887 saltem
3609 3810 3895 3901 Caligula
3936 3831 4070 3880 mo·

856 3916 1203 4003 tissimum,
1260 3918 1437 4008 quod
1494 3916 1851 4009 aequente:
1892 3916 1960 3988 in
2001 3920 2079 3989 iis
2122 3921 2302 4009 signa
2342 3923 2434 3993 in·
2502 3928 2652 3992 neta
2689 3922 2945 3992 nonnisi
2984 3919 3274 4027 Romana
3311 3938 3461 4029 usas
3504 3926 3740 3986 certum
3777 3925 3895 3984 est.
4045 3950 4054 3961 ·

1019 4542 1076 4611 ο)
1111 4548 1178 4599 ad
1210 4545 1409 4603 sebert.
1480 4545 1547 4601 T.
1585 4546 1646 4598 11.
1684 4565 1737 4617 p.
1772 4544 1859 4621 59.
1896 4547 1903 4553 ’
