4450 5542
851 493 895 541 x
1590 580 1603 593 „
1746 466 2499 571 rRoLEGosOENA
2563 466 3142 543 GENERALIA.

842 631 1035 719 juris,
1108 629 1242 698 sive
1295 646 1457 716 quae
1497 626 1788 695 coloniae
1828 629 2038 711 fuere,
2102 629 2224 696 sub
2272 627 2423 696 Gal·
2490 627 2743 697 thorum
2783 630 2988 711 numi,
3045 628 3169 718 qui
3207 625 3308 695 illi
3345 646 3722 703 successere.
3824 624 4054 695 Verum

853 732 1024 801 lieno
1083 741 1151 798 et
1212 729 1514 813 Claudio,
1590 730 1886 798 omnibus
1944 731 2235 797 nimirum
2293 741 2426 799 tum
2497 731 2776 800 Orientis
2856 724 3297 819 imperatorum
3373 738 3630 799 moneta
3703 748 3903 817 usque
3973 727 4058 797 ad

853 833 1098 921 legibus
1154 832 1527 921 jnribusque
1590 832 1934 922 perversis,
2020 832 2255 900 malleo
2320 832 2429 900 ab·
2496 855 2726 901 annum
2801 855 2844 900 a
2915 841 3067 903 nato
3141 833 3394 902 Christo
3472 836 3640 903 1453
3719 828 4059 918 porrigitur

855 937 1234 1018 stinuerunt,
1304 936 1637 1003 rarissimis
1709 935 2007 1022 deinceps
2084 934 2423 1023 compertis
2493 957 2621 1024 quo
2692 933 3174 1004 Muhammedes
3257 937 3340 1003 11.
3430 942 3614 1022 capta
3699 932 4058 999 Constanti·

855 1039 1088 1120 numis,
1176 1037 1281 1125 qui
1342 1036 1518 1105 urbis
1578 1058 1810 1105 nomen
1886 1037 2254 1125 inscriptum
2331 1034 2423 1103 of·
2492 1032 2719 1127 impoli
2778 1047 2843 1104 et
2910 1038 3178 1126 imperio
3234 1036 3544 1117 Orientis,
3635 1042 3701 1101 et
3770 1044 4064 1103 monetae

855 1141 1072 1207 ferant.
1170 1140 1444 1206 Exstant
1505 1141 1674 1208 numi
1729 1139 2052 1208 Aureliani
2106 1148 2171 1205 et
2222 1138 2428 1205 Taciti
2491 1140 2841 1229 Augustae,
2887 1162 3048 1228 quae
3090 1139 3244 1215 inde
3284 1162 3326 1206 a
3352 1139 3534 1205 Julie
3553 1137 3823 1204 Caesare
3867 1132 4064 1223 usque

856 1234 1093 1328 Pergae
1163 1240 1574 1329 Pamphyliae
1638 1241 1908 1329 signati,
1981 1262 2204 1307 numus
2271 1241 2423 1307 Cae·
2494 1241 2578 1310 ad
2634 1252 3016 1331 postremum
3072 1242 3561 1314 Constantinum
3614 1237 4065 1325 Palaeologum

856 1364 1073 1409 sareae
1150 1341 1459 1410 “Paniadis
1546 1362 1686 1411 cum
1783 1343 1988 1432 capite
2070 1342 2425 1424 Justiniani,
2493 1364 2696 1414 annos
2780 1343 3024 1412 circiter
3100 1343 3272 1411 mille
3346 1336 3722 1433 quingentos
3801 1340 4065 1423 duravit,

858 1445 993 1512 bini
1062 1444 1236 1510 aurei
1291 1444 1675 1514 Gabalorum
1727 1447 1952 1529 Syriae
2018 1467 2159 1512 cum
2224 1446 2429 1535 capite
2494 1446 2682 1515 finem
2749 1444 3019 1535 denique
3075 1446 3396 1536 imposuit.
3505 1446 3692 1525 Quae
3765 1440 4067 1531 deinceps

718 1540 773 1619 ’,
859 1546 1087 1613 Justini
1153 1546 1271 1630 IL,
1368 1569 1588 1619 numus
1659 1548 1953 1617 Damasci
2014 1569 2153 1615 cum
2226 1549 2430 1636 capite
2496 1549 2579 1618 ab
2658 1549 3147 1636 imperatoribus
3222 1550 3559 1632 Romanis,
3657 1543 3774 1614 sed
3851 1545 4094 1633 stirpis

854 1646 1113 1715 Leonis
1138 1648 1250 1715 IV.
1335 1648 1469 1716 Sed
1535 1649 1693 1718 haec
1756 1651 1929 1720 velut
1990 1648 2056 1716 in
2119 1649 2430 1739 prodigiis
2497 1651 2941 1736 Germanicae,
3020 1653 3264 1742 signata
3319 1652 3464 1734 fuit,
3538 1649 3742 1716 nostri
3805 1647 4067 1716 instituti
4109 1646 4118 1653 ’

862 1760 1179 1838 putannn.
1313 1750 1641 1840 Aegyptus
1725 1773 2053 1820 numerum
2140 1753 2429 1836 classem,
2495 1775 2630 1821 non
2704 1763 3023 1842 putamus,
3111 1754 3229 1823 sed
3297 1751 3490 1822 medii
3572 1750 3712 1819 aevi
3782 1760 4068 1819 monetae

863 1873 1026 1939 quos
1098 1851 1566 1921 Alexandrinos
1652 1872 1977 1937 vocamus,
2087 1855 2432 1943 imperante
2494 1856 2926 1944 permittimus.

862 1950 1263 2022 Diocletiano
1326 1956 1545 2025 finivit.
1650 1956 1903 2045 Regna,
1972 1966 2043 2024 ut
2090 1980 2137 2023 a
2197 1958 2431 2025 Roma·
2651 1957 2778 2025 Ad
2835 1959 2993 2026 fines
3056 1956 3554 2046 geographicos
3594 1951 3771 2041 quod
3829 1950 4084 2032 attinet*-

862 2057 963 2123 nis
1005 2078 1224 2125 eversa
1264 2068 1441 2140 sunt,
1510 2056 1809 2148 deinceps
1867 2069 2123 2129 monem
2176 2079 2431 2150 quoque
2498 2059 2739 2149 patebit
2790 2083 2874 2128 ex
2925 2070 3104 2151 parte
3157 2062 3210 2130 L
3256 2057 3601 2148 praewtis
3648 2055 3889 2143 operis,
3962 2076 4069 2125 eas

865 2178 1150 2243 caruere,
1222 2178 1382 2248 quae
1442 2168 1649 2227 tamen
1722 2161 1831 2228 diu
1882 2160 2092 2228 adhue
2147 2161 2434 2231 constitit
2499 2172 2738 2231 tantm
2861 2164 3156 2251 regiones
3269 2162 3468 2232 finisse
3580 2156 4068 2236 numismaticas,

871 2262 991 2331 snb
1044 2261 1299 2350 regibus
1354 2262 1781 2351 Bosporanis,
1832 2246 2133 2346 Parthis,
2207 2264 2476 2332 Persis.
2502 2262 2801 2382 quorsum
2861 2274 3005 2333 ·aut
3095 2265 3322 2335 Graeci
3404 2260 3801 2347 Romanique
3885 2279 4068 2346 pecu·

870 2362 1101 2432 Verum
1166 2365 1327 2432 haec
1397 2365 1811 2484 praelibamus
1884 2374 2150 2449 tantum,
2202 2365 2433 2441 dilato
2491 2366 2644 2434 «niae
2707 2386 2887 2435 usum
2957 2365 3253 2448 inulla-e,
3343 2374 3476 2434 aut
3493 2384 3778 2453 quarum
3845 2359 4070 2431 incola

864 2467 934 2532 in
975 2476 1219 2555 tempus
1269 2488 1448 2533 snum
1499 2468 1803 2535 examine
1922 2467 2103 2535 Haec
2166 2467 2251 2534 de
2301 2489 2435 2535 mo-
2473 2468 2791 2547 barbaris
2860 2477 3124 2558 propter
3194 2467 3483 2537 viciniam
3552 2465 3789 2554 placuit
3849 2462 4068 2532 utrius·

862 2577 1014 2636 neta
1062 2567 1441 2663 populorum
1491 2578 1557 2636 et
1581 2578 1836 2657 regum.
1945 2570 2236 2638 Romana
2292 2592 2434 2637 coe-
2510 2591 2635 2658 que
2689 2569 2921 2659 populi
2961 2591 3212 2639 morem
3270 2569 3514 2637 imitari.
3605 2567 3880 2637 Moneta
3919 2585 4072 2654 ergo

866 2679 979 2758 pta
1048 2670 1166 2737 sub
1236 2670 1633 2755 consulibus,
1698 2672 2057 2749 continuata
2120 2668 2242 2738 sub
2307 2672 2435 2739 Au-
2504 2680 2757 2740 caruere
2807 2671 3034 2760 populi
3083 2673 3151 2738 in
3193 2672 3455 2791 Europa
3503 2670 3697 2756 magis
3759 2671 3829 2737 in
3877 2667 4071 2755 Aqui·
4133 2742 4150 2747 ,

814 2798 845 2809 ·-
864 2768 1065 2859 gustis
1135 2771 1287 2840 inde
1346 2795 1385 2840 a
1456 2771 1664 2843 diviso
1736 2775 1859 2843 sub
1916 2774 2272 2855 Theodosii
2332 2774 2433 2841 M.
2503 2775 2756 2856 ionem,
2795 2774 2863 2840 in
2903 2774 3060 2841 Asia
3099 2775 3298 2861 magis
3338 2777 3408 2841 in
3453 2772 3773 2842 Orientem
3814 2789 4072 2887 vergen-

868 2872 1015 2941 filiis
1075 2874 1342 2964 imperio
1411 2875 1480 2944 in
1552 2876 2035 2959 occidentalem,
2100 2884 2167 2943 et
2234 2877 2437 2943 erien·
2503 2887 2634 2960 tes,
2687 2876 2757 2944 in
2805 2874 3024 2947 Africa
3076 2897 3297 2944 omnes
3343 2877 3430 2958 ii,
3486 2876 3596 2964 qui
3652 2897 3693 2942 a
3741 2873 3896 2942 mari
3950 2892 4074 2941 me-

868 2974 1057 3043 talem
1100 2976 1422 3047 dividitur.
1530 2980 1955 3049 Occidentalis
2011 3000 2151 3046 cum
2193 2988 2438 3067 postre-
2508 2979 2862 3056 diterrsneo
2905 2979 3278 3049 remotiores
3305 2978 3526 3061 fuere,
3581 2976 3811 3059 verbo,
3845 2993 4075 3043 omnes

869 3098 977 3146 mo
1045 3081 1409 3153 Occidentis
1478 3083 1859 3174 imperatore
1922 3076 2202 3151 Romulo
2278 3080 2441 3151 desi·
2505 3081 2589 3164 ii,
2663 3104 2930 3172 qnorum
2989 3083 3058 3150 in
3124 3091 3302 3172 parte
3361 3077 3781 3169 geographica
3841 3072 4075 3146 mentio

818 3181 827 3188 '
871 3182 995 3264 nit,
1080 3182 1397 3255 adduntur
1463 3196 1671 3257 umen
1741 3186 1949 3257 adhuc
2016 3202 2235 3272 regum
2309 3184 2442 3252 (ἰο-
2511 3204 2649 3255 ιιοιι
2687 3185 2813 3263 fiet.

1882 3402 2693 3517 CAPVT
2809 3400 2971 3507 IV.

1496 3604 2134 3681 Vocabula
2216 3618 2771 3679 monetae
2856 3628 2970 3676 ιη
3053 3601 3475 3702 specie.
3591 3704 3600 3709 -

878 3756 1196 3853 Vidimus
1270 3784 1475 3872 capite
1542 3783 1596 3855 1.
1662 3782 1974 3852 vocabula
2040 3784 2243 3868 varia,
2313 3784 2449 3873 qui·
2515 3803 2894 3902 earumque
2929 3781 3061 3851 hoc
3144 3781 3294 3853 loco
3391 3789 3626 3853 tautum
3720 3798 4081 3867 proponere

879 3890 1000 3957 bus
1068 3887 1201 3955 tim
1264 3887 1559 3969 Graecis,
1656 3877 1842 3977 quam
1909 3887 2153 3955 Latinis
2230 3909 2450 3957 mone-
2514 3886 2772 3957 nomina
2833 3884 3120 3957 iudicatis
3173 3884 3388 3972 operis
3439 3883 3624 3972 hujus
3677 3880 3874 3964 locis,
3947 3882 4077 3971 qui·

880 4000 1007 4058 tam
1048 3989 1314 4079 intelligi
1354 3990 1645 4079 placuit.
1679 3989 2011 4077 Agendum
2051 4010 2218 4058 nunc
2261 3990 2448 4059 etiam
2514 3988 2633 4057 bus
2689 3986 2839 4059 illae
2889 3986 3076 4059 latius
3126 3996 3193 4059 et
3245 4008 3330 4057 ex
3355 3986 3716 4103 preposito
3764 3983 4078 4073 explican-

884 4091 971 4158 de
1049 4088 1604 4182 appellationibus,
1688 4115 1841 4182 quas
1927 4104 2189 4184 unaque
2272 4093 2450 4165 natio
2513 4099 2634 4162 tur
2745 4090 3045 4163 Perlectis
3098 4088 3199 4161 his
3249 4087 3440 4165 facile
3485 4087 3689 4177 quivis
3754 4088 4079 4178 intelliget,

886 4203 1091 4260 certae
1156 4195 1401 4261 cuidam
1466 4215 1798 4266 numorum
1865 4196 2051 4263 classi
2125 4215 2207 4263 ex
2263 4195 2451 4265 variis
2518 4192 2753 4263 similes
2827 4191 3294 4312 appellationes
3378 4189 3568 4265 etiam
3664 4188 3732 4261 in
3827 4201 4082 4261 nostrae

888 4296 1090 4362 causis
1146 4293 1395 4362 indidit.
1500 4296 1737 4365 Lubet
1775 4297 2149 4367 illustriores
2215 4308 2452 4365 tantum
2519 4297 2738 4364 aetatis
2804 4298 3112 4366 variarum
3181 4292 3455 4380 gentium
3524 4300 3776 4359 moneta
3846 4292 4079 4374 valere,

884 4416 1373 4464 commemorare
1476 4399 1699 4484 partim
1813 4400 2200 4469 Graecorum
2302 4399 2451 4469 alia·
2518 4418 2776 4485 quarum
2862 4395 3166 4489 exempla
3249 4413 3436 4473 nemo
3534 4413 3686 4467 non
3749 4392 3931 4476 facile
4015 4395 4082 4460 in

889 4518 1149 4585 rumque
1251 4497 1554 4633 gentium,
1666 4499 1892 4586 partim
1972 4502 2448 4589 Romanorum,
2515 4508 2814 4588 promptu
2855 4496 3129 4566 habebit.
