4450 5542
706 2913 711 2917 ⁴
824 2832 1023 2902 larum
1080 2834 1392 2918 civitatum
1448 2847 1761 2904 monetam
1821 2829 2256 2932 discerneret*

818 526 1150 583 1311me

909 675 942 751 5
988 659 1100 737 VI.
1193 666 1297 736 De
1340 625 1731 772 compendiis
1776 673 2137 763 scripturae.

907 779 940 857 §
984 774 1129 841 VII.
1220 775 1321 840 De
1364 775 1560 841 literis
1603 777 1861 845 incusis.

872 871 1160 958 §¹vm.
1264 876 1371 942 De
1434 876 1630 943 modo
1695 878 2080 946 inscribendi
2140 879 2399 947 nomina

1026 980 1306 1058 urbium,
1355 987 1425 1044 et,
1461 980 1863 1069 populorum.
2202 1001 2207 1010 ·

905 1087 937 1164 3
977 1081 1094 1148 IX.
1183 1081 1285 1147 De
1330 1080 1633 1149 dialectis».

907 1188 939 1264 §
982 1183 1067 1251 X.
1156 1185 1257 1250 Dc
1300 1185 1503 1252 forma
1546 1186 1859 1253 literarum
1904 1187 2304 1253 Graecarum.

864 1461 964 1527 De
1008 1415 1454 1544 discriptionem
1496 1358 1683 1541 cituL
1682 1473 2071 1545 progressu,
2087 1467 2354 1530 meritis·

993 1595 1069 1660 In
1127 1596 1295 1682 ipsis
1348 1597 1505 1663 artis
1551 1597 1933 1668 monetariae
2001 1596 2404 1666 incunabulis

820 1697 1028 1770 nullas
1052 1687 1438 1787 ”plerumque
1480 1700 1745 1767 insertas
1788 1700 1981 1768 fuisse
2024 1700 2260 1782 literas,
2317 1722 2400 1766 ex

821 1803 1026 1870 numis
1080 1803 1239 1890 ipsis
1293 1813 1508 1892 potest
1550 1804 1835 1891 intelligi.
1924 1805 2173 1878 Etenim
2216 1805 2284 1870 in
2328 1803 2400 1869 il-

823 1903 1221 1992 lustrioribus
1278 1909 1509 1974 museis
1560 1908 1729 1974 aurei
1785 1908 2186 1996 argenteiquc
2232 1929 2399 1974 com·

820 2010 1003 2075 matis
1055 2009 1459 2077 vetustissimi
1504 2015 1683 2097 justo
1737 2032 1998 2084 numero
2051 2020 2398 2093 servantur,

824 2133 987 2201 quos
1050 2113 1223 2179 nulla
1275 2131 1547 2203 unquam
1606 2115 2033 2203 inscriptionis
2101 2125 2254 2182 nota
2306 2115 2400 2179 in·

821 2215 1091 2302 signivit.
1224 2215 1400 2283 Idem
1461 2218 1741 2307 intellige
1817 2218 1898 2284 de
1965 2219 2402 2286 vetustissimis

776 2321 1032 2386 ‘aeneis
1089 2319 1309 2387 Italiae
1369 2321 1632 2391 mediae.
1766 2321 2076 2390 Nimirum
2138 2323 2405 2411 antiqua

822 2421 936 2487 illa
973 2432 1193 2490 aetate
1247 2424 1418 2490 cultu
1474 2425 1757 2514 simplice
1817 2425 2157 2507 contenta,
2214 2435 2403 2514 atque

825 2545 1049 2590 omne—
1095 2527 1472 2612 superfluum
1550 2537 1906 2617 amputante
1988 2529 2138 2594 satis
2182 2529 2403 2612 ‘yisum

726 2648 733 2666 ⁵
824 2627 1178 2715 imprimere
1248 2629 1515 2698 metallo
1598 2641 1812 2697 notam
1884 2630 2400 2724 qualemcunque.

824 2739 1049 2797 testem
1104 2731 1494 2800 auctoritatis
1546 2734 1871 2822 publicae,
1934 2755 2120 2823 *quae
2193 2736 2400 2822 singu-

2331 2838 2395 2904 Is

784 2935 1140 3004 ‘literanun
1211 2938 1491 3006 defectus
1562 2941 1915 3008 civitatibus
1992 2935 2144 3006 olim
2218 2940 2400 3007 inno·

824 3041 969 3108 xius
1030 3041 1219 3109 nobis
1273 3039 1442 3110 istud
1505 3041 1710 3136 attulit
1761 3043 1939 3125 mali,
2009 3043 2186 3131 quod
2246 3043 2400 3109 mul·

825 3153 1034 3214 torum
1078 3166 1437 3229 nnmerum,
1495 3147 1602 3234 qui
1645 3146 1736 3212 sic
1781 3147 2190 3236 anepigraphi
2234 3156 2399 3230 sunt,

650 3278 675 3286 -
758 3253 769 3268 ’
823 3249 1089 3336 patriam
1143 3259 1374 3316 certam
1428 3250 1807 3336 ignoremus.
1915 3249 2152 3318 Multis.
2201 3251 2402 3317 conti.

700 3417 709 3426 ,
826 3351 917 3437 git
972 3351 1239 3417 aliorum
1298 3337 1587 3419 similium
1632 3352 1974 3436 beneficio,
2036 3352 2152 3420 sed
2203 3352 2401 3421 literis

826 3453 1194 3539 insignium,
1226 3449 1347 3521 ”ad
1402 3457 1586 3521 vitam
1654 3456 1958 3546 revocari.
2059 3453 2402 3521 Selinuntis

829 3554 1084 3622 Siciliae
1126 3576 1351 3631 numos
1394 3557 1545 3622 solo
1589 3559 1714 3644 apii
1750 3557 1909 3623 folio
1939 3568 2215 3641 notatos,
2265 3579 2404 3624 cum

744 3731 761 3738 ⁸
829 3655 936 3725 diu
982 3659 1239 3724 'incerta
1302 3657 1456 3726 sede
1521 3672 1922 3747 vagarentur,
2003 3682 2205 3752 nuper
2215 3708 2250 3742 ,,
2300 3682 2402 3727 cu-

776 3813 791 3834 .,
817 3764 984 3847 Jates
1061 3769 1302 3842 essent,
1388 3757 1833 3830 intelleximus-
1891 3762 2144 3853 prolato
2215 3761 2404 3828 simili

828 3863 957 3930 alio
1023 3885 1161 3930 cum
1207 3865 1550 3956 epigraphe
1593 3868 1859 3934 ΣΕΛΙ.
1947 3864 2127 3931 Idem
2170 3864 2403 3932 beneti-

828 3967 993 4034 cium
1055 3968 1303 4057 experti
1363 3980 1509 4038 sunt
1573 3963 1749 4036 multi
1808 3968 1945 4049 alii,
2018 3990 2183 4066 quos
2237 3989 2404 4035 nunc

828 4080 1178 4159 praetereo.

1002 4175 1241 4240 Tamen
1330 4159 1513 4242 etiam
1601 4184 1816 4242 secuta
1901 4183 2072 4242 aetas
2093 4223 2139 4255 ,
2212 4194 2404 4261 quan-

834 4296 1019 4362 quam
1084 4278 1315 4360 rariuS,
1403 4299 1628 4346 numos
1706 4277 1882 4345 dedit
1955 4277 2127 4346 omni
2188 4276 2407 4345 inscri—

832 4377 1053 4496 ptione
1097 4375 1449 4448 destitutos.
1515 4382 1592 4447 In
1634 4403 1823 4449 causa
1865 4382 2048 4448 etiam
2092 4373 2223 4448 tum
2266 4380 2404 4463 fuit,

836 4482 1021 4570 quia,¹
1078 4503 1220 4548 cum
1270 4483 1553 4552 civitates
1602 4484 1851 4573 aliquae
1909 4493 2117 4558 certos
2170 4482 2407 4558 habue-

833 4584 960 4654 rint
999 4592 1215 4674 typos,
1263 4587 1488 4676 quibus
1532 4585 1692 4654 aliae
1736 4597 1842 4655 aut
1883 4601 2034 4657 usae
2076 4607 2210 4656 non
2239 4595 2405 4670 sunt,

1600 455 1607 461 ’
1670 429 2480 646 PRoLnsoMENA
2550 483 3128 587 GENERALI'A

2337 703 2342 710 ·
2467 682 2574 741 ant
2637 667 2856 742 utendi
2924 695 3172 746 causam
3234 695 3366 742 non
3441 671 3747 759 habuere,
3835 675 4044 745 natale
4147 717 4156 722 ·

2466 797 2646 844 suum
2689 778 2898 846 solum
2933 780 3062 868 ipsi
3083 778 3528 852 dictaverunt.
3577 779 3688 848 Sic
3722 779 4038 868 silphium,

2464 880 2681 969 planta
2746 882 3148 963 Cyrenaica
3113 931 3132 966 ,
3220 884 3285 952 in
3350 883 3552 948 numis
3631 885 4043 971 conspicuum

2466 993 2687 1072 suapte
2748 985 3064 1056 elocutum
3137 995 3235 1052 est
3285 981 3558 1092 patriam*
3611 986 4040 1071 Cyrenaicam,
4147 1021 4176 1029 -

2465 1084 2840 1154 balaustium
2903 1085 3234 1170 Rhodum,
3326 1112 3435 1156 vas
3509 1098 3834 1160 monotum
3907 1113 4041 1157 oer-

2463 1197 2567 1274 tae
2659 1188 2901 1257 formae
3003 1191 3244 1274 Cymen
3342 1189 3663 1258 Aeolidis
3658 1240 3678 1274 ,
3755 1192 4042 1282 clypeus

2411 1325 2426 1332 ·
2466 1291 2814 1358 Boeoticus
2858 1291 3146 1359 Thebas
3162 1301 3302 1360 etc:
3369 1293 3515 1360 Huc
3555 1296 3896 1379 ,pertinent
3933 1317 4040 1364 nu·

2466 1396 2554 1460 mi
2639 1395 2886 1472 urbium
2973 1415 3115 1462 oum
3203 1373 3406 1494 typis
3448 1396 3885 1481 homonymis,
3976 1409 4048 1466 ut

2469 1489 2608 1564 cum
2677 1497 2906 1564 Cardia
2972 1485 3281 1565 Thraciae
3347 1500 3618 1587 signavit
3684 1523 3820 1581 cor,
3890 1524 4044 1586 κειρ-

2470 1602 2649 1677 ὃιαν,
2705 1599 2922 1667 Clides
2976 1601 3220 1668 insulae
3261 1605 3514 1682 clavim,
3549 1605 3811 1683 κλειδα,
3869 1604 4041 1671 Rho·

2471 1703 2588 1770 dus
2648 1715 2882 1786 rosam,
2945 1705 3186 1788 ῥοδον,
3245 1705 3414 1790 Side
3456 1709 3677 1776 malum
3731 1709 4039 1790 Pusam,

2469 1808 2692 1890 σιδην,
2780 1805 3035 1876 Selinus
3063 1807 3296 1889 solium
3347 1816 3507 1893 apii,
3546 1893 3555 1901 Ο
3597 1812 3850 1896 σελιίζον
3895 1820 4042 1896 βω,

2470 1913 2646 2000 cujus
2711 1911 2959 2002 generis
3028 1931 3254 1977 numos
3317 1910 3492 1980 Galli
3550 1913 3854 1980 concinne
3911 1912 4040 1979 Mo'·

2468 2017 2683 2083 dames
2717 2017 3034 2098 pao-laam
3080 2013 3314 2082 dixere.
3661 2081 3698 2098 ,-

2577 2115 2954 2185 Videntur
2996 2114 3188 2184 fuisse
3229 2115 3453 2199 urbes,
3518 2138 3674 2204 quae
3718 2111 3852 2204 jam
3894 2116 4044 2184 inde

2471 2239 2510 2285 a
2550 2179 2865 2307 principio
2919 2229 3234 2288 monetam
3278 2241 3453 2287 suam
3493 2219 3905 2308 inscriptione
3947 2218 4041 2288 di·
4121 2237 4154 2304 ζ

2472 2323 2788 2409 stinguere
2846 2323 3266 2390 instituerunt.
3357 2321 3621 2389 Nullum
3673 2341 3775 2388 me
3827 2320 4046 2390 videre

2471 2425 2722 2492 memini
2807 2445 3061 2493 numum
3143 2425 3498 2494 illiteratum
3573 2446 3685 2492 seu
3757 2425 4044 2509 Sybaris,

2471 2549 2584 2602 seu
2635 2528 3052 2612 Posidoniae,
3113 2551 3248 2596 seu
3286 2528 3659 2610 Cauloniae,
3717 2545 3831 2596 seu
3887 2530 4041 2595 Oro·
4079 2575 4092 2590 .

2469 2632 2674 2714 tonis,
2747 2634 2866 2699 etsi
2920 2634 3244 2700 commatis
3303 2633 3430 2698 sint
3484 2632 3924 2718 antiquissimi,
3980 2644 4042 2700 et

2468 2734 2591 2822 ipsi
2637 2735 2766 2801 suis
2811 2757 2881 2801 se
2921 2736 3092 2824 typis
3138 2736 3288 2802 satis
3336 2731 3776 2801 discernerent.

2640 2836 3084 2906 Vetustissimo
3163 2859 3322 2906 aevo
3393 2840 3608 2926 paucis
3678 2838 3876 2904 literis
3950 2838 4040 2906 in·

2469 2939 2662 3006 scribi
2717 2940 2904 3007 urbis-
2942 2963 3174 3011 nomen
3227 2942 3572 3008 consuevit.
3661 2942 3772 3010 Sic
3817 2940 4042 3006 Croto·

2468 3042 2780 3109 niatarum·
2831 3045 3244 3133 antiquissimi
3285 3035 3471 3111 'numi
3532 3037 3768 3109 habent
3821 3045 4042 3124 KPO.,

2470 3144 2901 3226 Sybaritarum
2924 3147 3028 3212 -E
3037 3154 3125 3229 12,
3173 3146 3648 3214 Atheniensium
3678 3145 3881 3213 ΑΘΕ.
3928 3155 4043 3212 etc.

2471 3247 2633 3312 Noli
2672 3258 2880 3316 tamen
2922 3249 3089 3317 istud
3131 3248 3290 3335 legis
3337 3259 3540 3314 certae
3565 3243 3761 3313 ins‘tar
3785 3258 4042 3335 putare3

2471 3371 2615 3417 nam
2684 3351 2984 3417 habemus
3037 3339 3445 3439 perantiquus
3505 3352 4047 3438 Syracusanorum

2437 3452 2710 3539 »scripto
2765 3450 2956 3539 plene
3010 3453 3620 3520 ΣΥΡΑΚΟΣῚΟΝ
3663 3453 3860 3519 literis
3904 3473 4045 3539 per-
4128 3489 4138 3496 ·

2471 3554 2760 3634 vetustis,
2800 3546 2945 3619 'tum
2967 3625 2974 3628 ,
3000 3554 3365 3642 et‘Rhegii,
3420 3554 3792 3636 Messanae,
3829 3551 4043 3621 Phae·
4089 3547 4110 3556 ⁸

2471 3656 2555 3724 sti
2571 3704 2591 3737 ,
2653 3644 2919 3756 Rhauci.
3008 3657 3237 3744 Multis
3295 3668 3502 3724 tamen
3544 3657 3800 3745 populis
3842 3658 4043 3726 serius

2473 3780 2727 3850 quoque
2774 3749 2962 3862 parca
3013 3741 3353 3878 epigraphe
3405 3760 3658 3849 placuit.
3729 3759 3862 3827 Ad
3916 3760 4047 3826 hoc

2472 3884 2670 3949 genus
2712 3865 3028 3950 pertinent
3070 3865 3239 3930 numi
3285 3863 3430 3948 solo
3474 3864 3571 3946 Σ,
3613 3868 3820 3951 eoque
3861 3884 4044 3950 gran·

2474 3964 2657 4032 diore
2701 3968 2935 4050 notati,
2981 3966 3202 4038 crediti
3247 3959 3422 4054 olim
3442 3989 3584 4036 esse
3627 3965 3884 4036 Maleae
3923 3965 4042 4032 La·
4147 4045 4158 4050 -

2473 4069 2725 4151 coniae,
2794 4070 3028 4159 placita
3089 4087 3255 4150 nunc
3309 4071 3505 4156 magis
3557 4069 3837 4152 Sicyone
3850 4116 3870 4149 ,
3939 4065 4046 4136 vel

2473 4172 2745 4260 Siphno,
2834 4172 3077 4242 Notum
3117 4176 3190 4242 A
3232 4183 3519 4260 magnum
3566 4170 3649 4270 ad
3692 4170 4046 4258 significan-

2475 4261 2622 4341 dum
2667 4275 2877 4362 Argos
2919 4277 3265 4365 Argolidis.
3354 4274 3842 4362 Frequentiores
3897 4283 4044 4340 sunt

2473 4399 2613 4445 cum
2676 4377 2924 4464 adjecta
2986 4380 3181 4464 altera
3243 4378 3450 4450 adhuc
3512 4378 3719 4459 litera,
3786 4385 3853 4442 ut
3905 4377 4038 4443 ΣΙ.

2473 4480 2914 4569 Siphniorum‚
3001 4484 3162 4573 ΣΕ.
3222 4480 3689 4570 Seriphiorum‚
3771 4488 3842 4548 at
3903 4498 4043 4546 cum

2474 4584 2806 4674 solum-E
2839 4585 3128 4675 ponitur,
3188 4585 3469 4668 incerto,
3523 4582 3718 4652 utrius
3761 4581 3888 4649 sint
3923 4601 4046 4671 pos
