4450 5542
1697 525 2150 643 oAPvT
2249 495 2796 614 Χν11.,”
3137 492 3146 504 ’
3289 503 3686 612 [mm

474 686 629 778 puli.
718 685 912 756 Adde
955 688 1032 754 K
1035 692 1104 754 Υ
1164 689 1397 772 Cymes
1445 671 1770 782 Aeolidis,
1832 685 2047 771 Cydo-
2114 647 2576 775 loquacitatem
2627 683 2920 752 hortante
3005 686 3142 753 sive
3227 688 3529 771 vanitate,
3561 697 3680 760 et

470 793 653 874 niae,
714 792 1028 875 Cyrenes,
1088 791 1314 879 Cypri,
1359 791 1518 857 AA.
1561 790 1886 858 Laconum
1926 799 2044 857 etc.
2115 790 2484 871 ambitione,
2559 788 2692 856 sive
2743 787 3124 856 adulatione.
3212 789 3370 858 Cmn
3422 811 3682 878 regnum

472 891 855 961 Pellerinius
917 889 1238 984 prolixum
1287 893 1477 964 nobis
1533 892 1887 1013 catalogum
1940 891 2046 958 de·
2115 891 2344 975 Syriae
2381 891 2619 959 valeret
2661 893 2922 980 opibus,
2979 891 3131 958 satis
3187 891 3274 960 ad
3321 892 3681 980 dignitatem

475 995 573 1063 dit
641 995 926 1079 urbium,
1013 994 1548 1085 populorumque,
1612 997 1744 1090 qui
1814 1015 2081 1062 nomen
2114 994 2314 1060 visum
2357 1002 2456 1061 est
2496 992 2772 1080 scribere
2814 992 3166 1061 modestum
3205 992 3364 1060 illud
3408 997 3686 1063 Β-ΑΣΙ

469 1118 653 1168 suum
697 1120 859 1183 una,
914 1097 1111 1181 binis,
1166 1095 1368 1168 tribus
1422 1098 1619 1167 literis
1672 1098 1741 1165 in
1794 1107 2049 1176 moneta
2112 1089 2409 1182 ΛΕΩΣ
2434 1093 2979 1165 ΣΕΛΕΤΚΟΤ.
3008 1095 3112 1164 vel
3139 1094 3682 1202 ANTIOXOT„

468 1222 849 1289 expressere
873 1207 970 1283 ¹),
1025 1221 1241 1268 verum
1282 1223 1382 1268 me
1413 1200 1630 1287 judice
1670 1200 2093 1292 plerumque
2114 1206 2180 1263 at
2233 1218 2386 1286 vero
2442 1191 2775 1265 extenuata
2834 1201 2969 1282 ejus
3031 1198 3210 1283 regni
3260 1169 3546 1287 potentia
3599 1211 3704 1270 811,

471 1301 664 1385 fallit,
732 1311 844 1376 aut
894 1291 1115 1370 saltem
1173 1301 1528 1391 ambiguum
1580 1312 1697 1372 881
1729 1302 2044 1394 iudicium,
2113 1299 2231 1388 tibi
2273 1324 2331 1369 v.
2376 1321 2436 1387 g.
2479 1295 2864 1367 Antiochum
2897 1297 3047 1368 XII.
3093 1300 3251 1365 haec
3293 1311 3678 1390 crepantem:

471 1402 650 1494 quod
689 1404 753 1471 is'
792 1426 879 1471 ex
920 1406 1119 1474 literis
1175 1405 1472 1475 solitariis
1522 1405 1722 1502 capit,
1778 1403 2045 1523 demptis
2111 1403 2654 1471 ΒΑΣΙΛΕΩΣ
2660 1404 2910 1471 ΑΝΤΙ
2911 1389 3176 1476 OXOY
3181 1404 3277 1468 AI
3280 1402 3410 1470 ΟΝ
3413 1404 3681 1472 ΤΣΟΤ
3799 1405 3824 1452 ·’

468 1507 584 1588 iis,
644 1528 811 1596 quae
862 1507 1222 1597 frequenter
1273 1510 1347 1576 in
1378 1493 1787 1576 coloniarum
1836 1509 2044 1576 numia
2105 1483 2450 1573 ΕΠΙΦΑ
2435 1505 2552 1572 ΝΟ
2564 1502 3448 1598 ΥΣιΦΙΛΟΠΑΤΟΡΟΣ.
3451 1508 3682 1606 ΚΑΛ
3737 1593 3742 1606 .

470 1618 843 1693 occurrunt,
907 1611 1024 1679 sed
1089 1611 1173 1680 ad
1234 1617 1390 1702 quas
1454 1613 1574 1679 rite
1636 1610 2043 1701 explicandas
2110 1608 2580 1689 ΛΙΝΙΚΟἸΖ,ι
2633 1608 2917 1674 nimirum
2960 1616 3029 1673 ut
3062 1627 3370 1695 pauperes
3402 1599 3538 1694 jam
3580 1629 3675 1678 re·

460 1713 689 1800 juvant
743 1735 967 1782 8811888
1021 1713 1201 1782 81188.
1289 1715 1399 1780 Sic
1438 1715 1498 1782 E
1540 1713 1887 1810 solitarium
1926 1736 2043 1781 no·
2110 1731 2222 1798 ges
2293 1709 2753 1799 provinciarum
2809 1713 3116 1798 jacturam
3183 1708 3503 1777 titulorum
3572 1734 3677 1782 co·

468 1824 606 1884 tare
670 1816 1003 1884 Ειιιονίίαπι
1065 1805 1457 1898 Lusitaniae,
1526 1816 1760 1892 docent
1820 1813 2042 1913 praefl-
2109 1815 2216 1902 pia
2267 1824 2620 1902 pensarent.
2700 1810 3005 1901 Ephesiis
3061 1809 3384 1901 republica
3438 1813 3681 1900 integra
3806 1847 3822 1868 .

465 1937 591 1985 388
637 1918 713 1987 C.
754 1918 867 1999 A„
923 1915 994 1984 id
1036 1927 1161 1985 est:
1226 1921 1472 1987 colonia
1506 1923 1805 2006 Aug-usta.
1896 1917 2042 1989 Cer-
2108 1937 2187 1982 ac
2251 1916 2487 1983 viribus
2563 1916 2812 1986 valente
2881 1913 3126 1982 suffecit
3191 1913 3400 1981 solum
3460 1917 3677 1984 ΕΦΕ-

464 2021 593 2088 tius
646 2018 881 2087 deinde
923 1992 1264 2102 indicium,
1339 2042 1480 2089 81118
1530 2043 1765 2090 nomen
1816 2020 2044 2111 populi
2108 2018 2407 2100 Eum„
2451 2039 2669 2090 verum
2711 2019 2934 2085 attritis
2977 2018 3166 2086 rebus
3210 2017 3341 2085 suis
3385 2014 3738 2124 8811111811-ἣ

466 2101 671 2191 binae
721 2121 942 2190 literae
1006 2118 1404 2209 ἆρχαιουσαι
1466 2126 1848 2228 exprimunt,
1924 2123 2041 2191 sed
2110 2129 2209 2186 tur
2260 2140 2401 2187 sese
2455 2120 2808 2208 honoribus
2851 2093 3676 2207 811881111118,ν.ς.ΕΦΕἷ-

470 2224 678 2292 adhuc
728 2234 862 2304 tum
918 2224 1210 2292 cautione
1255 2246 1416 2314 opus
1460 2235 1586 2309 est,
1643 2235 1708 2294 et
1760 2247 1949 2315 saepe
2003 2249 2042 2293 a
2104 2224 2352 2291 ΟΙΩΝ.
2397 2226 2469 2290 Δ.
2513 2203 2888 2297 ΝΕΣΩΚΟΡ.
2939 2225 3038 2301 Η.
3091 2220 3459 2288 ΠΡΩΤΗ.
3505 2223 3676 2287 HA·
3715 2231 3724 2236 ’
3773 2247 3830 2304 :-
3887 2233 3902 2246 “

471 2328 658 2396 variis
696 2327 875 2395 varie
916 2326 1033 2393 fuit
1071 2335 1413 2416 peccatum.
1476 2327 1625 2417 Ipse
1667 2328 2039 2417 Pellerinius
2100 2324 2308 2393 GQN.
2336 2326 2553 2394 ΚΑΙ.
2567 2323 3018 2394 MGTIGTH.
3109 2323 3341 2391 Confer
3370 2334 3434 2390 et
3460 2309 3676 2407 Smyr·
3743 2321 3773 2368 '-

468 2451 722 2498 numum
825 2431 986 2498 ΛΑ.
1087 2428 1567 2498 Lacedaemona
1666 2432 2036 2514 amandavit,
2106 2449 2408 2496 naeorum
2473 2438 2797 2504 tumorem.
2904 2427 3149 2495 Auctae
3210 2448 3332 2516 per-
3367 2426 3676 2516 ambitio-

471 2534 583 2621 qui
634 2541 846 2601 certae
899 2540 998 2599 est
1046 2531 1399 2615 Larymnae
1450 2533 1809 2604 Boeotiae·
1869 2532 2040 2601 Mox
2106 2551 2281 2611 nem,
2336 2539 2443 2597 aut
2498 2530 2701 2599 laudis
2757 2527 3030 2598 studium
3084 2531 3428 2619 scripturae
3482 2528 3678 2612 multa
3757 2507 3782 2576 s
3859 2533 3876 2540 ‘

378 2679 393 2686 -
468 2633 742 2704 vidimus
810 2633 1025 2702 literas
1083 2636 1159 2702 K
1165 2642 1235 2702 Y.
1292 2634 1565 2724 plurium
1624 2635 1870 2703 urbium
1930 2656 2038 2725 pa·
2084 2633 2415 2722 ,praebent
2499 2631 2874 2701 documenta
2960 2634 3133 2701 numi
3206 2633 3476 2713 Romani
3546 2642 3676 2700 tam

362 2751 383 2764 ·
470 2738 720 2806 1188188.
851 2735 1164 2804 Minuitur
1248 2737 1632 2825 ambiguum,
1720 2748 1828 2806 aut
1906 2739 2041 2808 fere
2107 2735 2513 2820 familiarum,
2605 2749 2809 2825 ‘quam
2916 2736 3484 2856 imperatorium*
3516 2757 3676 2825 quae

473 2839 792 2908 evanescit
831 2821 1048 2906 addita
1088 2839 1268 2907 litera
1317 2841 1517 2908 tertia.
1604 2821 1812 2932 Reges
1855 2843 2041 2909 etiam
2106 2848 2452 2928 praetereo.
2538 2838 2937 2907 Adulationis
2995 2840 3062 2905 in
3113 2839 3429 2927 principes
3484 2859 3674 2906 cano·

477 2962 627 3010 nou·
658 2941 842 3030 pauci
889 2943 1238 3032 scripturae
1292 2942 1671 3031 compendio
1731 2953 1878 3011 sunt
1918 2946 2036 3028 usi,
2107 2963 2179 3008 ra
2219 2940 2621 3030 suppeditant
2655 2949 3034 3044 argumenta
3086 2942 3257 3006 numi
3310 2947 3435 3007 tam
3479 2941 3674 3007 Grae-
3699 2966 3716 2984 ι

483 3065 563 3113 ac
636 3044 972 3134 praecipue
1067 3065 1249 3152 reges
1310 3045 1616 3177 Bospori
1704 3045 2038 3128 cimmerii,
2108 3044 2194 3126 ci,
2271 3065 2455 3130 quam
2513 3022 2754 3110 Latini.
2849 3040 3283 3127 Pervulgatum
3348 3049 3445 3113 est
3513 3040 3674 3108 illud
3729 3039 3736 3046 ’

470 3145 710 3234 scripto
762 3169 820 3213 v.
874 3166 972 3232 g.,
1042 3139 1275 3212 ΒἈΣ.
1325 3150 1456 3230 Π.
1548 3169 1677 3234 quo
1728 3133 2040 3215 iudicatur
2109 3146 2475 3227 Cianorum,
2597 3145 3068 3222 Nicaeensium,
3179 3141 3674 3211 Caesariensium

422 3313 437 3322 ,
466 3248 858 3324 Rama,-
896 3247 1234 3342 Πολεμων
1292 3248 1479 3335 hujus
1531 3250 1805 3334 nominis
1859 3194 3228 3338 81181,·Ο8ΡΡ811881881ΚοΜΜοΔ
3252 3243 3306 3310 Ο
3346 3250 3450 3318 Τ..
3567 3247 3673 3314 vel

467 3349 622 3417 BA.
676 3352 754 3415 Ρ.
809 3371 922 3416 reat
978 3350 1506 3433 Rhemum-eL,
1574 3351 1732 3415 BA.
1775 3354 1854 3420 K.
1925 3374 2037 3420 rex
2104 3348 2684 3419 GGOYHP-or.
2774 3345 3509 3418 ΒΛΟΙΛΕΤΟΝΤΟΟ.
3595 3348 3669 3417 Ο.

470 3451 651 3537 Cotye
707 3453 763 3517 Ι.
820 3458 938 3518 818.
1040 3450 1129 3518 In
1180 3452 1385 3520 8111818
1435 3450 1804 3519 familiarum
1861 3474 1918 3520 v.
1972 3473 2033 3540 g.
2101 3450 2491 3521 KOGMOG.
2536 3444 2971 3518 GYTTXGI.
3016 3451 3356 3530 commodo,
3409 3449 3512 3520 vel
3563 3456 3671 3521 Se·

332 3563 341 3574 ’
468 3534 3674 3643 QMcM.P.1.idest:mmmmoregnmorboefaaxmitemeopioai

465 3655 752 3724 malus
810 3654 966 3720 Pius
1031 3656 1392 3748 humator,
1468 3654 1584 3724 sed
1656 3656 1738 3725 de
1812 3656 2038 3747 quibus
2105 3655 2300 3738 tituli,
2364 3677 2528 3743 quos
2582 3653 2770 3732 1111188
2826 3655 3106 3734 Graecae
3145 3674 3232 3721 18
3286 3654 3538 3726 Parthia
3589 3658 3672 3725 si·

464 3739 641 3824 alibi.
725 3754 832 3822 De
886 3757 1266 3845 compendio
1320 3757 1666 3846 scripturae
1720 3777 1847 3848 ope
1903 3782 2036 3828 mo·
2082 3770 2207 3828 tae
2255 3759 2335 3825 18
2376 3779 2558 3846 reges
2615 3757 2884 3825 Parthos
2942 3757 3283 3824 contulere.
3381 3759 3669 3827 Romana

462 3866 967 3946 nogrammatum
1011 3868 1226 3945 agetur
1268 3857 1447 3926 infra.
2103 3860 2306 3949 turpis
2394 3858 2630 3930 servitii
2716 3858 3006 3947 exempla
3088 3868 3362 3947 propter
3421 3862 3670 3948 copiam

636 3962 1005 4030 Generatim
1040 3960 1345 4043 observo,
1397 3961 1863 4060 parsimoniam
1886 3964 2033 4031 sori-
2106 3966 2349 4032 omitto.
2531 3981 2544 3990 ·

400 4147 411 4160 .
456 4068 691 4150 pturae
736 4059 935 4130 fuisse
989 4063 1203 4146 notam
1258 4061 1396 4131 aevi
1436 4051 1865 4154 simplicioris,
1927 4076 2038 4136 aut
2156 4111 2163 4122 -
2307 4064 2725 4153 Inscriptioue
2810 4082 3172 4143 munorum,
3261 4071 3448 4150 atque
3532 4067 3700 4156 ejm·

458 4163 661 4230 etiam
717 4162 1137 4250 reipublicae,
1211 4168 1423 4254 regni,
1496 4167 1740 4255 imperii
1804 4166 2029 4234 floren·
2103 4164 2452 4254 praecipue
2510 4165 2835 4245 ubertate
2895 4185 3055 4281 quae
3105 4165 3302 4231 veteri
3359 4166 3670 4254 parsimo-

430 4266 583 4347 ,tis,
636 4265 705 4332 18
758 4270 977 4351 eujus
992 4266 1201 4338 locum
1255 4278 1425 4336 aetas
1479 4268 1635 4337 luxu
1677 4269 2032 4358 depravata,
2102 4269 2246 4338 niae
2288 4266 2618 4347 successit,
2669 4285 2899 4353 magna
2950 4266 3017 4333 in
3069 4268 3419 4336 universam
3460 4269 3668 4358 philo·

366 4391 399 4402 ·
460 4377 579 4436 aut
640 4387 859 4438 versus
919 4369 986 4440 in
1050 4374 1229 4459 pejus
1294 4393 1499 4440 rerum
1548 4382 1745 4458 status
1798 4372 2037 4440 invexit
2103 4369 2336 4460 logiam
2399 4367 2661 4436 fluxisse
2721 4368 3114 4452 commoda,.
3150 4372 3217 4438 in
3271 4379 3491 4460 aperto
3554 4380 3665 4440 est.

606 4587 673 4661 5)
709 4583 979 4685 supplem.
1018 4584 1093 4656 IL*
1117 4611 1168 4661 r.
1208 4596 1325 4647 105.
1362 4613 1465 4664 seq.
2839 4663 2846 4670 ἱ

536 4687 689 4756 (ναι.
724 4688 801 4754 1.)
2225 4714 2232 4722 -
2731 4679 2739 4690 '
3206 4691 3272 4742 m
