4450 5542
682 590 685 593 ,
817 512 925 570 ιιι
1727 478 2485 597 rROLEGoMENA
2525 474 3113 564 GENERAUA.

824 654 1085 727 admissi
1162 652 1337 722 numi
1420 650 1696 719 omnium
1759 650 2114 736 nationum,
2193 650 2400 721 omnis
2469 646 2753 723 tractabo
2837 653 3059 720 iterum
3080 700 3100 735 ,
3200 672 3341 719 cum
3411 671 3592 738 agam
3668 648 3752 717 de
3826 650 4048 737 modo,
4141 712 4150 721 ,

826 758 1096 840 metalli,
1187 766 1252 824 et
1326 756 1533 823 omnis
1595 762 1884 837 naturae,
1973 774 2057 820 ne
2128 753 2403 823 exclusis
2473 755 2582 844 qui
2619 750 2628 755 ⁴
2663 754 2732 822 in
2820 754 3234 845 disponendis
3301 761 3654 821 anu‘morum
3740 751 4064 825 classibus·

832 861 1086 954 quidem
1147 859 1590 940 contorniatis,
1669 858 1778 946 qui
1842 856 2131 923 nimirum
2197 856 2404 924 Nero·
2472 859 2671 945 magis
2746 859 3029 927 videatur
3105 859 3188 927 ad
3268 878 3486 925 omnes
3572 854 3722 925 artis
3777 867 4054 949 ‘nostrae

827 967 927 1035 nis
943 1015 961 1048 ,
1028 960 1319 1049 Trajani,
1384 960 1776 1049 aliorumque
1837 956 2042 1027 hiatus
2106 969 2406 1047 tegerent.
2476 982 2696 1029 causas
2739 960 3277 1032 adcommodatus.

829 1069 1011 1137 Fecit
1075 1064 1379 1154 explendi
1446 1063 1710 1151 agminis
1778 1062 2117 1152 cupiditas,
2190 1073 2261 1130 ut
2316 1063 2408 1130 in·
3033 1118 3067 1157 ,ι
3451 1124 3486 1158 α

702 1180 713 1191 ”
835 1170 1264 1258 dulgentiores
1345 1167 1536 1255 vulgo
1606 1175 1846 1249 essent,
1932 1165 2069 1236 sive
2138 1186 2280 1233 cum
2340 1167 2408 1232 in
2784 1141 2789 1145 ’
3243 1166 3279 1201 a

834 1273 998 1341 illud
1069 1271 1463 1341 admitterent
1541 1291 1799 1350 numos,
1889 1269 1997 1357 qui
2072 1291 2409 1339 aeneorum
2647 1263 3043 1336 Postremum
3092 1269 3246 1336 hoc
3272 1266 3434 1337 loco
3481 1283 3842 1362 opportune
3882 1290 4052 1338 com-

776 1364 783 1373 ’
830 1378 882 1446 Ι.
926 1375 1169 1445 formae
1209 1372 1466 1442 modum
1508 1393 1641 1440 non
1685 1369 2033 1456 excedunt,
2090 1374 2225 1442 sive
2270 1396 2408 1441 cum
2475 1366 2959 1438 memorabimus
3074 1374 3324 1441 veteris·
3419 1388 3713 1446 monetae
3837 1362 4062 1444 vitium

833 1478 1290 1569 approbarent,
1364 1494 1551 1565 quos
1636 1485 1814 1543 tanto
1895 1474 2081 1544 liberi
2158 1452 2409 1544 adfectu
2479 1470 2799 1559 quoddam
2855 1494 3042 1564 saepe
3095 1498 3228 1546 non
3289 1477 3622 1548 molestum
3665 1476 3893 1561 modo,
3939 1474 4057 1547 sed

832 1580 1278 1670 reprobandos
1343 1600 1588 1668 semper
1653 1552 1998 1647 duxissent.
2127 1576 2262 1647 Sed
2327 1601 2410 1647 ne
2477 1582 2542 1641 et
2582 1572 2973 1647 damnosum.
3059 1568 3218 1647 Non
3260 1602 3408 1649 raro
3454 1583 3621 1650 enim
3658 1583 3918 1665 factum,
3987 1588 4059 1665 ιιι

840 1683 1093 1773 quidem
1154 1685 1225 1775 in
1287 1682 1416 1749 hoc
1479 1681 1847 1751 instruendo
1926 1681 2217 1769 agmine
2237 1686 2416 1768 justa
2481 1678 2709 1744 matrix
2764 1683 3003 1767 majore
3066 1693 3234 1751 esset
3265 1684 3639 1771 volumine,
3706 1706 3890 1776 quam
3953 1702 4058 1749 or·

837 1770 1177 1857 voluminis
1218 1786 1381 1854 ratio
1427 1795 1524 1852 est
1564 1786 1847 1877 habita.
1892 1786 2059 1852 Nam
2104 1807 2243 1852 cum
2276 1790 2415 1871 Jam
2477 1774 2760 1848 biculus
2782 1793 3073 1851 monetae
3115 1785 3438 1855 feriundae
3491 1789 3856 1861 destinatus.
3952 1780 4061 1853 Ex

835 1893 904 1960 in
964 1891 1167 1959 numis
1237 1888 1493 1957 maximi
1562 1888 1815 1959 moduli
1875 1896 2171 1978 putentur
2244 1888 2417 1956 aurei
2486 1906 2613 1973 quo
2679 1887 2928 1955 evenire
2985 1909 3243 1957 necesse
3273 1890 3455 1974 fuit,
3527 1901 3598 1959 ut
3657 1890 3760 1961 hic
3814 1866 4062 1979 partem

836 2005 907 2062 et
965 1981 1275 2081 argentei,
1356 1992 1485 2081 qui
1532 1991 1916 2061 ordinarium
1972 1991 2269 2061 volumen
2340 2012 2446 2058 ac
2484 1995 2720 2054 tautum
2778 1991 2910 2059 sive
2952 1994 3093 2081 typi
3135 1993 3270 2060 sive
3311 1993 3739 2085 inscriptionis
3781 1992 4064 2084 potuerit

839 2094 1094 2186 pondus
1142 2094 1327 2163 etiam
1381 2095 1630 2175 tantillo
1682 2093 2030 2176 excedunt,
2097 2104 2204 2162 aut
2258 2116 2414 2217 quo·
2483 2090 2793 2179 recipere,
2899 2094 3064 2163 facta
3149 2094 3364 2165 adeo
3402 2097 3671 2185 partium
3755 2106 4060 2165 extrema

839 2197 1182 2268 dammodo
1266 2196 1574 2266 accedunt
1642 2198 1731 2267 ad
1816 2196 2145 2282 volumen,
2239 2202 2418 2285 cujus
2483 2214 2620 2262 rum
2661 2198 2927 2280 jactura.
3060 2198 3211 2267 Hoc
3249 2201 3402 2268 vitio
3445 2202 3700 2270 moneta
3741 2200 4061 2268 Romano·

842 2325 989 2371 esse
1041 2301 1255 2372 solent
1294 2303 1466 2369 numi
1510 2301 1692 2370 aenei
1731 2301 1814 2371 IL
1857 2300 2127 2385 formae,
2197 2310 2419 2389 suapte
2483 2316 2621 2363 rum
2687 2296 2976 2368 immunis
3042 2311 3170 2386 est,
3235 2302 3351 2371 sed
3410 2305 3484 2370 in
3543 2303 3747 2373 mimis
3802 2300 4063 2371 Graecis

840 2380 1043 2495 patet,
1124 2411 1512 2494 quantopere
1562 2405 1632 2472 in
1689 2404 1817 2471 hoc
1874 2405 2160 2474 instituto
2216 2402 2419 2471 diver·
2486 2419 2620 2467 non
2670 2402 2888 2489 paucis
2952 2425 3256 2493 perquam
3317 2392 3818 2488 incommodum,
3862 2424 4061 2492 prae-

842 2517 995 2597 gant
1055 2506 1569 2593 magnitudines,
1632 2516 1697 2575 et
1777 2527 1961 2596 quam
2040 2528 2260 2596 parum
2326 2507 2421 2573 sic
2489 2503 2671 2592 cipue
2763 2505 2830 2570 in
2919 2508 3283 2575 autonomis
3359 2509 3737 2577 Antiochiae
3810 2507 4061 2590 Syriae,

816 2607 1090 2698 'juvetur
1165 2608 1417 2691 oculus,
1507 2612 1684 2694 cujus
1744 2620 1951 2677 tamen
2032 2610 2165 2678 fere
2236 2610 2420 2677 unius
2489 2606 2552 2672 e't
2610 2603 3083 2676 tetradrachmis
3133 2630 3347 2699 regum
3404 2612 3725 2693 Parthiae,
3799 2610 3868 2677 in
3923 2608 4080 2698 quin

846 2734 1036 2781 causa
1090 2712 1212 2780 hae
1280 2711 1495 2779 solent
1562 2713 1756 2780 series
1822 2712 2146 2797 adornari,
2236 2734 2419 2801 quem
2491 2707 2607 2777 bus
2689 2707 3058 2829 plerumque
3142 2715 3412 2782 maxima
3487 2736 3636 2804 pars
3705 2713 4063 2802 inscriptio-

732 2804 741 2815 ’
845 2826 1097 2906 praeter
1174 2814 1493 2883 metallum
1560 2814 1773 2905 dispar
1843 2817 2028 2885 etiam
2098 2817 2420 2884 inconcin·
2487 2812 2588 2880 nis
2634 2802 2785 2879 orae
2821 2815 3103 2885 vicinior
3143 2838 3397 2905 pessum
3446 2818 3578 2887 ivit.
3682 2816 3920 2887 Similis
3959 2824 4061 2898 ty-

845 2940 935 2992 na
990 2918 1148 2985 haec
1195 2918 1533 2988 voluminis
1606 2921 1871 2988 varietas
1926 2922 2073 3005 Jure
2135 2918 2419 2986 offendit.
2487 2935 2715 3003 porum
2777 2918 3054 3001 jactura,
3141 2919 3257 2989 sed
3341 2943 3428 2988 ex
3514 2914 3808 2989 diversa
3851 2939 4060 2999 causa,

849 3022 981 3104 Qui
1047 3042 1258 3098 veram
1335 3032 1621 3110 spectant
1694 3045 1778 3091 ex
1852 3020 2136 3090 collectis
2217 3023 2422 3092 uumis
2488 3016 2978 3087 monetariorum
3065 3041 3293 3111 nempe
3380 3023 3836 3111 negligentia,·
3909 3042 4060 3110 pro·

847 3125 1164 3196 veteribus
1216 3124 1611 3210 utilitatem,
1741 3125 1860 3193 has
1945 3126 2080 3194 sive
2164 3122 2423 3208 metalli,
2490 3120 2654 3190 fecta
2716 3132 2842 3204 est,
2931 3145 3071 3190 cum
3134 3124 3205 3191 hi
3271 3127 3587 3194 matricem
3650 3124 3783 3193 iion
3849 3122 4064 3198 medio

744 3220 757 3227 ⁶
848 3227 985 3299 sive
1028 3228 1471 3317 magnitudinis
1524 3229 1865 3297 blanditias
1922 3239 1993 3296 ιιι
2034 3249 2169 3299 ιιοιι
2211 3250 2423 3316 asper·
2492 3225 2780 3295 orbiculo
2829 3226 3282 3313 imponerent,
3320 3228 3415 3296 sic
3467 3239 3537 3295 ut
3591 3237 3866 3296 centrum
3916 3246 4064 3292 cen·

848 3341 1106 3414 uantur,
1170 3341 1377 3401 tamen
1418 3334 1487 3401 in
1529 3333 1864 3422 postremis
1909 3331 2176 3415 habent,
2251 3340 2315 3398 et
2355 3331 2422 3399 in
2455 3337 2593 3396 tro
2645 3328 3099 3418 responderet,
3162 3330 3280 3399 sed
3330 3328 3504 3397 foras
3563 3329 3908 3411 aberraret,
3978 3350 4066 3401 ex

849 3433 929 3501 iis
997 3435 1438 3523 comparandis
1508 3437 1704 3523 magis
1769 3434 2161 3525 philologiae
2221 3434 2422 3501 iucre-
2493 3452 2621 3519 quo
2709 3429 2973 3541 factum,
3059 3440 3130 3498 ut
3216 3430 3538 3501 orbiculus
3625 3453 3815 3521 saepe
3883 3442 4070 3521 parte

849 3546 1092 3619 menta,
1186 3558 1376 3626 quam
1454 3548 1812 3611 extraneam
1892 3557 2223 3605 numerum
2293 3536 2422 3603 for·
2489 3541 2789 3621 typorum
2869 3524 3002 3601 non
3083 3535 3340 3626 exigua,
3431 3554 3886 3625 nonnunquam
3974 3533 4067 3603 di·

850 3646 1095 3711 tunam
1114 3642 1478 3728 respiciunt.
1586 3639 1721 3709 Sed
1777 3648 2203 3727 argumentum
2254 3635 2423 3710 istud
2491 3635 2683 3705 midia
2725 3633 3103 3705 multaretur.
3391 3644 3400 3651 '

1690 4118 1819 4199 De
1868 4120 2527 4241 nunuk',fetc‘'r1'bus
2553 4074 2779 4223 fiolis
2820 4111 3218 4223 percussis.

842 4329 1020 4424 Res
1076 4367 1254 4426 vetus
1320 4357 1661 4425 monetaria
1724 4356 1981 4425 metallo
2050 4355 2267 4425 flando
2334 4354 2422 4422 fe·
2487 4353 2606 4423 sed
2664 4354 2849 4421 etiam
2922 4352 3108 4422 certis
3171 4351 3421 4420 indiciis
3497 4375 3580 4421 ex
3646 4353 3788 4443 ipsa
3854 4362 4071 4424 vetere

712 4500 735 4519 e
848 4458 1079 4539 riundo
1154 4459 1595 4548 peragebatur,
1683 4463 1817 4546 eJus
1887 4458 2075 4526 fidem
2144 4458 2422 4526 facienti·
2488 4466 2744 4527 moneta
2809 4457 3027 4544 captis.
3149 4456 3225 4523 In
3289 4457 3491 4523 numis
3560 4456 3769 4527 obviis
3833 4457 4070 4525 Roma·

849 4564 970 4637 bus
1026 4582 1162 4633 non
1219 4560 1416 4632 modo
1470 4562 1661 4631 certis
1715 4560 1992 4647 veterum
2044 4562 2418 4633 testimoniis
2487 4562 2586 4631 nis
2666 4558 3019 4650 produntur
3103 4558 3201 4628 111
3284 4560 3405 4630 viri
3490 4580 3680 4643 auru,
3763 4548 4084 4653 argento,
