4450 5542
750 550 763 567 ,
844 475 1135 573 mm·
1230 559 1241 569 .
1748 500 2497 639 PRoLEGoMssNA
2563 506 3132 637 emt-:naua

792 712 805 721 .
850 672 980 730 tam
1033 659 1280 729 Jobcrti
1337 658 1548 728 locum
1616 644 1857 735 nomen
1907 671 2076 749 potin
2128 683 2264 731 ιιοιι
2315 683 2412 730 re·
2481 664 2811 737 cuderetur
2876 682 3129 739 moneta
3207 672 3430 755 aenea,
3517 694 3681 762 quae
3745 682 4043 741 stanneae

848 762 1045 853 spuit,
1119 762 1234 831 sed
1284 762 1548 848 adserit,
1619 775 1861 835 veteres
1916 766 1985 831 in
2033 764 2412 833 fabricandis
2469 766 2809 857 pelliculae
2828 821 2849 855 ,
2935 784 3005 841 ut
3089 794 3278 863 supra
3363 775 3633 843 diximus
3657 824 3676 858 ,
3761 776 4047 843 involuta

848 867 1051 935 numia
1118 866 1442 949 materiae,
1517 886 1677 954 quae
1739 876 1911 955 po&
1974 866 2233 950 dicitur,
2304 867 2412 934 ad·
2480 872 2652 937 numi
2712 877 2988 961 argentei
3051 875 3333 944 valorem
3417 877 3694 945 haberet.
3821 878 4046 945 Reme·

849 967 1091 1037 didisse
1162 968 1406 1036 circiter
1478 969 1753 1056 quintam
1830 979 2068 1064 partem
2155 968 2412 1056 argenti.
2483 972 2651 1057 dium
2692 975 2891 1060 istud,
2979 986 3116 1045 utut
3174 979 3439 1067 imperio
3498 978 3771 1068 denique
3839 982 4044 1067 perni-
4115 972 4140 1071 Ἰ

848 1073 964 1141 Sin
1016 1069 1215 1154 istud,
1282 1071 1503 1138 mixtio
1566 1071 1724 1139 haec
1776 1095 1859 1140 ex
1914 1070 2242 1141 Gallorum
2293 1071 2422 1138 line
2480 1076 2763 1159 ciosum,
2892 1079 3261 1148 necessitate
3355 1080 3548 1148 fuisse
3653 1079 4044 1165 advocatum,

845 1196 970 1264 gua
1026 1180 1195 1259 poem
1244 1174 1518 1263 amplius
1573 1196 1704 1241 non
1760 1187 1885 1262 est,
1958 1191 2024 1250 et
2072 1204 2206 1250 ιιοιι
2226 1180 2412 1250 satis
2481 1199 2620 1245 cum
2704 1202 2837 1248 non
2911 1174 3215 1252 haberent
3286 1183 3598 1272 principes
3621 1233 3640 1267 ,
3738 1200 3870 1283 quo
3939 1185 4047 1251 sti

845 1276 1070 1360 video,
1136 1298 1248 1342 cur
1298 1275 1380 1342 ad
1438 1275 1811 1347 indicandos
1873 1303 2099 1352 numos
2169 1305 2252 1353 ex
2317 1305 2410 1351 ar·
2477 1279 2712 1367 pendia
2780 1282 3112 1355 solverent.
3243 1286 3424 1355 Haec
3488 1285 3768 1353 Bimardi
3837 1290 4046 1373 conJe·

846 1388 1038 1467 gento
1104 1377 1351 1467 impuro
1425 1394 1559 1447 non·
1620 1387 2010 1470 perrexerint
2087 1387 2256 1455 Galli
2324 1387 2414 1453 uti
2481 1392 2655 1450 οιιιιιι
2719 1386 2883 1453 sitne
2961 1409 3113 1454 vera
3196 1391 3329 1457 sive
3403 1388 3744 1469 secundum
3827 1409 4062 1457 omnes·

845 1493 1057 1551 vetere
1109 1482 1363 1550 nomine
1418 1486 1625 1567 hillen,
1695 1507 1823 1573 quo
1885 1489 2137 1559 modica
2196 1507 2411 1577 argen-
2483 1505 2702 1553 causas
2728 1536 2748 1571 ,
2837 1489 2969 1555 sive
3045 1489 3258 1581 aliqua
3323 1492 3419 1558 sui
3492 1502 3671 1610 parte
3689 1541 3709 1577 ,
3792 1492 4044 1580 ignoro,

848 1587 898 1653 ti
947 1586 1161 1673 portio
1235 1586 1364 1652 aeri
1425 1586 1640 1654 addita
1702 1598 1973 1657 notatur
2058 1591 2190 1660 Sed
2259 1591 2414 1659 nolo
2483 1608 2687 1677 neque
2772 1588 3078 1658 meai-‘um'
3153 1614 3295 1660 esse
3398 1594 3621 1661 virium
3724 1594 4046 1681 intelligo,
4127 1616 4138 1623 “
4208 1661 4219 1670 .

846 1687 1142 1778 persequi
1208 1686 1381 1754 litem
1434 1687 1516 1755 de
1579 1692 1864 1775 nomine,
1939 1715 2079 1761 cum
2145 1694 2414 1779 videam,
2483 1710 2621 1757 eam
2678 1702 2783 1759 aut
2849 1690 3208 1781 approbare
3270 1705 3376 1785 aut
3439 1696 3729 1782 abjicere.
3863 1696 4047 1764 Com·

846 1791 1270 1858 recentissime
1321 1789 1391 1857 id
1452 1806 1649 1878 genus
1704 1812 1931 1863 numos
1984 1818 2022 1863 a
2076 1797 2422 1873 Pellerinio
2481 1794 2947 1862 memorandam
3030 1805 3237 1864 tamen
3322 1795 3475 1864 duxi
3497 1845 3518 1881 ,
3603 1807 3674 1865 ut
3755 1798 3824 1865 in
3910 1819 4050 1867 mea
4161 1798 4168 1810 “

848 1915 1102 1983 quoque
1139 1894 1354 1961 vocari
1400 1894 1664 1981 ψυῶν.)
2482 1896 2702 1985 inopia
2770 1897 3018 1967 avidum
3082 1883 3381 1965 lectorem
3447 1921 3529 1965 ex
3602 1899 3811 1967 alieno
3876 1902 4046 1988 inge·

1047 1997 1205 2064 Jure
1260 1996 1388 2063 hoc
1443 1995 1595 2063 loco
1662 2000 1875 2087 quaeri
1939 1961 2181 2090 potest,
2256 2022 2418 2090 quae
2482 2001 2593 2065 nio
2646 2021 2918 2087 pascam.
3049 2000 3428 2069 constitutio
3483 2001 3738 2068 Arcadii
3789 2012 3857 2070 et
3908 2002 4051 2069 Ho-

848 2118 1035 2165 causa
1100 2097 1315 2181 fuerit,
1396 2120 1506 2165 cur
1570 2099 1815 2169 Romae
1887 2114 2140 2171 moneta
2198 2124 2417 2192 argen·
2482 2104 2732 2191 norii’)
2798 2102 3092 2170 Bimardi
3138 2108 3532 2190 conjecturae
3594 2126 3728 2172 non
3792 2125 4050 2203 magno-

845 2213 950 2268 tea
1020 2201 1155 2269 sive
1224 2200 1546 2308 paullatim
1606 2203 1679 2268 in
1742 2209 1924 2292 pejus
1988 2207 2213 2288 ruerit,
2286 2208 2419 2275 sive
2483 2220 2636 2294 pere
2687 2203 2888 2271 favet.
2975 2208 3295 2284 Jabmae,
3350 2218 3422 2274 we
3454 2230 3572 2291 pro
3611 2215 3855 2292 oegemc‘
3891 2230 4047 2275 sum·

844 2301 1115 2401 plurium
1194 2301 1499 2372 annorum
1582 2304 1912 2375 intervallo
1985 2308 2177 2397 plane
2246 2307 2420 2374 feriri
2484 2328 2863 2392 ¹110,un
2932 2315 3065 2392 quie
3123 2311 3416 2385 thamaris
3465 2310 3706 2393 fuerat
3740 2313 4042 2389 mv,

849 2380 1185 2490 desiverit,
1244 2430 1386 2475 cum
1429 2418 1634 2475 tamen
1687 2410 1927 2477 interea
1989 2420 2244 2478 moneta
2314 2432 2419 2477 au-
2483 2410 2777 2495 &mendi
2837 2416 2979 2476 mm
3045 2416 3298 2497 accipiat
3357 2411 3756 2494 saeuum,
3843 2417 3933 2479 ita
3979 2425 4056 2481 ιιι·

844 2529 954 2575 rea
998 2526 1143 2576 ιιοιι
1195 2510 1390 2577 modo
1445 2530 1692 2600 semper
1744 2521 1911 2580 esset
1961 2511 2231 2599 illibata,
2301 2511 2417 2579 sed
2480 2536 2598 2598 pro
2653 2516 2919 2597 singulis
2991 2514 3195 2579 libris
3233 2519 3477 2597 argenti
3543 2520 3753 2599 quinos
3823 2518 4047 2582 solam

848 2619 912 2677 et
962 2610 1031 2677 in
1080 2632 1158 2679 ea
1210 2610 1497 2682 ferianda
1559 2634 1877 2702 nunquam
1940 2604 2214 2683 cessaret
2263 2614 2415 2681 mal-
2479 2617 2714 2699 efferat
2801 2610 2988 2681 Adde
3051 2624 3404 2681 narrantem
3467 2613 3778 2682 Zonaram
3799 2663 3820 2698 ‚
3897 2613 4078 2685 Alex

842 2708 1007 2779 hiis.
1100 2712 1374 2802 Conjicit
1443 2715 1775 2784 Bimardus
1785 2717 1878 2804 ²),
1953 2717 2181 2785 factum
2245 2716 2414 2784 istud
2481 2719 2654 2786 xium
2735 2709 3122 2784 Comnenuui
3205 2718 3460 2785 nonnisi
3523 2739 3769 2785 auream
3832 2738 4048 2785 mone·

780 2870 787 2877 ,
847 2810 1013 2882 forte
1075 2826 1444 2906 propterea,
1517 2820 1666 2909 quia
1725 2840 1951 2907 magna
2015 2842 2162 2909 pars
2224 2841 2413 2909 pecu·
2482 2831 2610 2888 tam
2673 2841 2756 2887 ex
2811 2819 3218 2907 vectigalibus
3289 2818 3618 2886 collectam
3675 2820 3833 2888 fisco
3884 2822 4046 2887 intu-

846 2916 1019 3000 niae,
1093 2939 1254 3008 quae
1302 2920 1458 2989 fisoo
1527 2920 1827 3012 principis
1898 2922 2279 3006 debebatur,
2345 2923 2415 2988 in
2482 2921 2670 3005 lissa,
2756 2931 2820 2989 et
2883 2922 2948 2988 in
3020 2930 3328 3010 expensas
3399 2930 3712 2990 monetam
3778 2944 4043 3005 aeream,

849 3040 1004 3086 auro
1042 3023 1356 3093 numerari
1409 3025 1752 3093 consuevit.
1820 3027 2010 3093 Sane
2060 3025 2258 3095 multa
2308 3026 2415 3092 tri·
2483 3025 2589 3094 vel
2638 3044 2722 3091 ex
2788 3023 3153 3113 aequalibus
3227 3025 3360 3092 auri
3421 3035 3487 3092 et
3546 3026 3706 3092 aeris
3717 3010 4048 3114 partibus

846 3119 1038 3205 buta,
1125 3126 1259 3195 sive
1332 3128 1670 3217 imperata,
1758 3127 1892 3196 sive
1916 3176 1936 3211 ,
2022 3138 2093 3195 ιιι
2162 3136 2415 3211 vocant,
2483 3128 2742 3194 mixtam
2813 3126 3252 3214 adsignavisse.
3382 3129 3454 3195 Si
3519 3124 3690 3194 idem
3750 3126 4048 3216 placitum

844 3227 1108 3312 gratuita
1172 3250 1213 3295 a
1260 3228 1407 3296 solo
1463 3251 1617 3297 auro
1685 3252 1918 3299 nomen
1978 3251 2122 3298 esse
2175 3232 2418 3314 sortita,
2473 3234 2608 3316 jam
2675 3230 2896 3297 fuisset
2953 3229 3432 3318 imperatoribus
3506 3227 4046 3316 praecedentibus,

718 3399 723 3403 ,
847 3338 954 3396 ut:
1039 3352 1252 3399 mer-m
1318 3339 1789 3414 metimus-ima,
1888 3356 2105 3402 aarum
2175 3357 2422 3401 cormu-
2484 3354 2744 3401 necesse
2795 3352 2926 3397 non
2982 3331 3230 3415 fixisset,
3300 3329 3467 3397 istud
3505 3329 3765 3397 deuno
3807 3329 4048 3397 Alexio
4137 3407 4146 3413 ‚

844 3436 1036 3511 na,
1112 3454 1326 3507 mum
1377 3439 1625 3503 ltmrale
1666 3450 1771 3502 dc.
1883 3437 2059 3522 Ergo
2115 3436 2419 3524 principis
2486 3450 3244 3501 commemorare·

847 3531 1173 3618 intererat,
1242 3535 1376 3601 auri
1442 3536 1819 3624 probitatem
1880 3557 2015 3603 non
2078 3538 2415 3624 corrumpi.
3131 3538 3189 3601 A
3234 3537 3304 3603 Ε
3335 3538 3404 3603 S.

852 3635 1088 3703 Contra
1140 3657 1278 3725 cum
1332 3637 1625 3727 princeps
1686 3638 1754 3704 in
1805 3637 2107 3705 faciendis
2159 3639 2415 3728 sumpti·
2655 3625 2852 3702 Numi
2913 3656 2996 3704 ex
3055 3658 3198 3705 aere
3262 3633 3502 3726 cy'prio
3574 3644 3701 3704 tam
3769 3637 4045 3704 Graeco·

847 3736 968 3806 bus
1032 3749 1286 3827 moneta
1366 3747 1695 3826 argentea,
1781 3738 1884 3808 vel
1952 3736 2147 3807 aenea
2214 3752 2416 3809 utere-
2482 3758 2655 3831 rum,
2724 3756 2908 3827 quam
2973 3739 3431 3822 Romanorum,
3506 3738 3640 3805 sive
3692 3761 3889 3828 cupro
3931 3761 4046 3828 pu·

742 3902 753 3909 .
832 3851 977 3925 -tur‚
1060 3853 1294 3932 quanto
1367 3841 1511 3933 plus
1585 3850 1844 3931 argento
1917 3841 2019 3909 vel
2084 3845 2214 3910 aeri
2284 3845 2418 3911 sive
2483 3860 2560 3906 ro
2616 3851 2938 3927 constent,
2993 3843 3128 3909 sive
3175 3841 3354 3911 varie
3417 3841 3637 3923 mixto,
3710 3848 3878 3909 aenea·
3942 3841 4047 3911 vel

846 3946 1162 4034 probitate
1182 3996 1202 4031 ,
1293 3947 1425 4013 sive
1487 3942 1771 4035 pondere
1840 3943 2111 4012 decessit
2129 3993 2149 4028 ,
2239 3954 2415 4013 tanto
2481 3949 2650 4013 aerei
2693 3943 2759 4009 in
2814 3954 2945 4011 arte
2996 3953 3213 4012 nostra
3265 3942 3476 4012 solent
3525 3942 3758 4024 vocari,
3814 3964 3855 4008 a
3895 3941 4045 4010 Gal-

847 4047 993 4137 plus
1047 4049 1204 4118 fiseo
1268 4050 1609 4135 accessisse
1666 4046 1858 4131 lucri,
1931 4047 2078 4136 quia
2136 4056 2417 4115 secutum
2483 4044 2565 4112 lis
2629 4047 2888 4129 broma
2936 4046 3042 4113 ab‘
3078 4046 3254 4113 Italis
3318 4070 3511 4128 rame,
3599 4045 3774 4112 nulla
3830 4043 4046 4111 habita

849 4147 1025 4221 istud
1088 4151 1325 4220 metalli
1415 4150 1848 4221 detrimentum
1911 4148 2195 4218 valorem
2280 4170 2415 4217 non
2481 4147 2758 4231 ratione,
2846 4158 3005 4238 quot
3077 4158 3288 4236 partes
3361 4147 3654 4219 materiae
3719 4146 4044 4233 heterogez
4173 4214 4182 4223 ,

846 4252 1140 4336 mutavit,
1226 4263 1290 4321 et
1375 4256 1522 4344 quia
1587 4255 1833 4320 minore
1903 4254 2037 4321 auri
2080 4253 2417 4342 ‘portione
2482 4271 2639 4319 neae
2682 4272 2880 4340 cupro
2924 4250 3050 4318 sint
3093 4250 3423 4331 admistae,
3489 4258 3617 4337 quo
3661 4248 3762 4330 fit,
3823 4257 3893 4314 ut
3932 4254 4058 4321 nur

854 4348 1201 4441 comparari
1272 4357 1435 4423 aeris
1515 4377 1718 4424 massa
1793 4356 2033 4443 potuit,
2121 4377 2206 4423 ex
2291 4376 2415 4445 qua
2480 4354 2567 4421 mi
2621 4354 2806 4441 hujus
2867 4352 3086 4421 classis
3156 4351 3405 4419 collecti
3458 4350 3714 4418 multum
3769 4350 3932 4417 inter
3973 4369 4046 4416 se
4087 4418 4132 4431 ,-

954 4569 1052 4640 .ιι)
1090 4573 1213 4630 ml.
1247 4576 1289 4628 l.-
1317 4591 1432 4644 pag.
1465 4576 1585 4639 235.
1719 4566 1783 4641 ι)
1815 4575 1881 4628 ad
1913 4574 2110 4630 Joben.
2145 4595 2198 4644 p.
2234 4568 2318 4630 63.
2456 4571 2518 4647 γ)
2554 4570 2689 4629 cod.
2720 4572 2854 4630 Just.
2888 4572 3050 4645 1⁴21.
3085 4573 3163 4628 tit.
3199 4570 3283 4629 76.
