4450 5542
754 512 971 567 xxxvl

1492 506 1575 563 n
1682 436 2472 565 eRoLEGOMENA
2505 487 3096 563 GENERALIA.
3175 444 3186 457 ’

706 640 717 649 ’
761 674 927 745 gere.
988 649 1195 722 Istud
1209 669 1360 716 vero
1406 646 1703 734 examen,
1752 642 1928 739 quod
1971 646 2053 716 ex
2095 640 2334 737 praeci·
2401 647 2594 715 tradit
2648 640 3077 737 Lanvpridius3
3145 612 3360 717 verium
3409 647 3516 715 hi
3509 666 3732 745 aeque
3786 647 3980 717 nobis
4023 654 4034 661 “

762 758 905 851 puis
965 740 1209 837 unum
1231 755 1403 836 erat,
1493 751 1685 818 fuisse
1747 753 1828 819 ab
1881 753 1958 819 iis
2016 753 2336 832 omissum,

600 830 615 839 Ι
702 886 729 903 ‘
762 882 892 932 uno
967 855 1282 942 occupatis
1346 854 1715 922 eruditionis
1783 864 2126 945 apparatu,
2208 853 2337 941 pri-

765 962 912 1029 dem
988 956 1323 1047 conquesti
1410 966 1556 1023 sunt
1637 955 2191 1025 Eisenschmidius
2272 955 2337 1019 in

602 1066 607 1075 '
688 1128 699 1143 ,
762 1062 1085 1156 praeclaro
1170 1059 1288 1143 suo
1380 1042 1827 1127 commentario
1914 1059 1998 1125 de
2086 1066 2341 1139 moneta

763 1178 1000 1247 vetere,
1045 1172 1109 1259 et
1149 1158 1442 1229 Khellius
1492 1172 1711 1229 noster
1728 1163 1817 1250 ⁸).
1909 1160 2162 1227 Cautius
2206 1180 2340 1227 sae·

766 1268 891 1337 culi
972 1264 1177 1333 nostri
1261 1262 1611 1352 philologi,
1701 1287 1775 1331 ac
1860 1264 2219 1353 'praecipue
2273 1264 2341 1331 in

767 1364 1224 1441 commentariis
1282 1366 1413 1432 suis
1444 1364 1700 1443 eruditi
1759 1366 1930 1434 Galli
1982 1365 2340 1433 audiendos

766 1494 1029 1588 quoque.
1071 1489 1297 1539 numos
1350 1469 1420 1536 in
1480 1469 1612 1536 hoc
1660 1462 1913 1554 'judicio
1983 1467 2337 1550 voluerunt,

2403 761 2550 819 sunt
2590 750 2848 838 ignoti,
2889 773 2964 818 ac
3003 752 3174 818 aurei
3216 750 3340 833 illi,
3414 771 3582 839 quos
3625 751 3704 817 ab
3733 747 3978 818 eodem
4103 786 4120 797 ’

2395 875 2547 920 ,cum
2600 853 2954 925 Alexandri
3003 854 3099 921 Μ.
3157 854 3377 921 habitu
3428 874 3657 943 magno
3715 872 3980 920 numero
4037 924 4056 933 „

2405 938 2600 1022 fuisse
2643 978 2832 1023 cusos
2876 955 3045 1022 idem
3100 955 3320 1038 refert,
3394 965 3501 1022 aut
3558 956 3760 1038 aurei,
3831 976 3982 1044 qua·

2406 1066 2580 1138 tuor,
2623 1080 2820 1142 sex,
2910 1068 3058 1124 octo
3074 1107 3093 1140 ,
3181 1058 3401 1145 viginti
3474 1056 3802 1125 drachmas
3869 1055 3983 1123 ad-
3958 1090 4014 1119 υ.

2406 1158 2792 1247 pendentes,
2884 1162 3031 1248 quin
3093 1171 3157 1226 et
3210 1158 3470 1231 bilibres
3517 1160 3712 1227 CXC.
3757 1159 3981 1227 drach-

2406 1283 2674 1345 marum,
2749 1270 2813 1327 et
2882 1262 3045 1330 adeo
3101 1265 3494 1331 centenarios
3561 1258 3821 1330 duarum
3871 1261 3986 1328 mi·
4067 1292 4071 1296 Α

2406 1387 2626 1435 narum
2667 1362 2991 1452 pondere,
3047 1386 3209 1452 quos
3252 1368 3335 1433 ab
3380 1365 3754 1479 Elagabalo
3787 1362 3986 1433 fuisse

2406 1467 2689 1554 signatos
2751 1466 3007 1535 tradidit
3057 1460 3577 1557 Lampridius¹⁸).
3655 1468 3850 1547 Quo
3877 1463 3984 1531 de-

752 1586 832 1643 st
869 1573 1096 1663 partim
1149 1592 1478 1671 perperam
1549 1571 1630 1638 ab
1700 1562 1829 1639 illis
1900 1569 2128 1649 tradita
2200 1576 2338 1636 co?
2407 1570 2559 1638 inde
2611 1571 2763 1636 loco
2815 1569 3178 1658 putabimus
3234 1571 3594 1639 testimonia
3651 1564 3982 1655 Trebellii,
4037 1570 4046 1579 ”

724 1684 1096 1757 rexerunt,
1160 1674 1385 1763 partim
1452 1673 1534 1741 ab
1598 1674 1740 1764 ipsa
1794 1674 2189 1794 experiente
2225 1671 2341 1739 do·
2411 1682 2517 1741 aut
2556 1672 2856 1762 Vopisci,
2903 1694 3134 1740 aeneos
3178 1674 3390 1741 nobis
3412 1672 3748 1754 denarios5
3782 1680 3848 1738 et
3885 1691 3986 1737 se·

769 1779 858 1845 cti
896 1765 1096 1846 novas
1148 1776 1513 1876 solidasque
1565 1777 1739 1865 leges
1792 1779 1859 1855 in
1924 1777 2090 1843 hanc
2142 1773 2342 1841 scien·
2381 1776 2664 1855 stertios
2729 1776 3233 1862 propinaetium,
3306 1787 3438 1844 tum
3496 1786 3559 1843 et
3615 1758 4018 1863 Philippeos:

767 1883 904 1955 tiae
961 1889 1201 1970 partem
1280 1878 1668 1946 invexerunt.
1798 1879 1933 1948 Sed
2008 1878 2193 1946 etiam
2277 1876 2347 1940 in
2415 1898 2642 1946 aureos
2659 1926 2678 1960 ,
2756 1877 3127 1987 Philippeos
3179 1891 3536 1967 argenteos
3620 1875 3985 1957 minutulos,

748 1984 900 2052 -hoc
951 1983 1225 2051 tramite
1249 1983 1389 2051 cum
1444 1982 1657 2049 multis
1721 1957 2187 2048 difficultatibus
2252 1978 2347 2044 lu
2415 1966 2824 2069 Philippeos
2860 2003 3113 2064 aereos,
3201 1991 3389 2072 atque
3471 1982 3658 2056 etiam
3725 1980 3987 2054 trientes

772 2085 1064 2193 ctandum
1124 2084 1279 2167 fuit,
1350 2098 1560 2185 sa‘epe
1647 2081 1981 2175 desperato
2061 2081 2380 2155 remedio
2416 2080 2802 2151 Salonianus
2847 2085 2987 2151 etc?
3061 2086 3286 2155 Vtrum
3327 2085 3580 2173 dignam
3622 2083 3785 2151 hanc
3826 2090 3988 2147 m&—
4063 2092 4068 2099 '

772 2189 857 2258 ad
959 2170 1361 2275 conjecturas
1461 2183 1793 2274 denique
1834 2184 2347 2277 confugiendum.
2416 2208 2552 2253 cem
2595 2186 3085 2256 existimabimus
3103 2237 3121 2270 ‚
3185 2189 3254 2255 in
3298 2209 3421 2297 qua
3463 2184 3844 2276 explicanda
3881 2203 3990 2250 ve·

726 2291 928 2362 „Non
1001 2291 1201 2359 enim-
1210 2310 1378 2356 raro
1452 2289 1827 2377 scriptorum
1897 2288 2259 2358 testimonia
2310 2310 2350 2354 a
2415 2290 2600 2356 limus
2676 2290 2867 2357 crisin
2943 2292 3238 2393 nostram
3304 2289 3608 2389 occupari
3621 2338 3641 2373 ‚
3695 2285 4036 2377 quando?

664 2476 671 2484 ,
774 2395 975 2509 captis
1037 2417 1121 2475 ει
1190 2399 1442 2458 moneta
1505 2393 1946 2479 experimentis
2015 2389 2352 2475 dissident,
2414 2414 2554 2467 eam
2617 2393 2869 2479 ignorat
2932 2395 3370 2511 experientia,
3417 2384 3606 2459 nobis
3674 2412 3828 2459 vero
3882 2412 3992 2458 eo-

728 2486 735 2501 '
772 2496 882 2567 aut
900 2495 1151 2565 modus
1204 2493 1428 2574 defuit,
1498 2491 1613 2558 illa
1665 2514 1806 2561 cum
1857 2494 1955 2566 his
2009 2493 2347 2565 concilian-
2415 2496 2588 2581 gnita
2629 2514 2762 2561 non
2805 2501 2936 2575 est,
2990 2494 3115 2562 nisi
3157 2516 3240 2565 ex
3283 2492 3544 2562 oraculo
3587 2496 3990 2613 scriptorum,

778 2598 863 2665 di.
947 2594 1030 2673 E.
1075 2617 1137 2684 g.
1192 2594 1433 2661 Passim
1486 2593 1720 2671 docent
1782 2606 2024 2665 veteres
2042 2646 2061 2680 ,
2128 2596 2348 2662 drach·
2419 2598 2557 2686 qui,
2668 2606 2735 2664 ιιι
2819 2599 3167 2708 communis
3248 2597 3370 2665 fert
3441 2598 3661 2687 opinio
3684 2596 3732 2683 ,ἢ
3790 2599 3995 2693 ipsam

777 2720 942 2769 mam
1014 2698 1288 2765 Atticam
1374 2717 1514 2763 cum
1585 2696 1846 2766 denario
1919 2701 2351 2767 Romanorum
2418 2719 2556 2766 eam
2598 2697 3003 2773 historiam
2939 2748 2961 2784 ,
3036 2706 3220 2791 quam
3255 2702 3684 2791 scripserunt,
3721 2700 3993 2790 ignora-

779 2800 1063 2890 ejusdem
1130 2799 1326 2868 fuisse
1388 2794 1723 2903 ponderis,
1798 2810 1887 2909 et
1914 2798 2199 2911 vffiloris3
2289 2809 2354 2866 at
2419 2801 2609 2870 vere?
2701 2802 2974 2871 Omitto
3008 2804 3114 2872 hic
3177 2804 3486 2873 Zonaram
3508 2853 3528 2887 ,
3618 2801 3992 2884 Cedrenum,

780 2913 1085 2991 constat
1100 2903 1488 2992 asperientia
1508 2950 1527 2983 ,
1602 2898 1772 2967 inter
1815 2903 2169 2993 utrumque
2242 2905 2352 2969 nu·

756 2981 946 3079 ”mum
978 3015 1272 3097 spectato
1315 3003 1601 3094 pondere
1632 3004 2080 3077 *intercessisse
2136 3005 2355 3073 discri-

780 3132 923 3180 men
978 3132 1111 3177 non
1163 3106 1714 3199 contemnendum,
1790 3106 1873 3175 de
1927 3128 2055 3197 quo
2101 3131 2378 3196 agemus

781 3214 1153 3304 explicatius
1202 3212 1270 3279 ιιι
1323 3208 1591 3283 diatriba
1657 3209 1740 3276 de
1792 3214 1996 3279 numis
2062 3210 2355 3279 consula·

779 3319 976 3386 ribus.
1066 3316 1430 3385 Memorant
1483 3325 1772 3383 auctores
1828 3337 1959 3385 non
2012 3317 2199 3404 pauci
2242 3335 2356 3380 nu-

2421 3009 2842 3115 graphorum,
2912 3020 2976 3078 et
3028 3011 3657 3099 chronographorum
3718 3028 3997 3097 gregem,

2408 3114 2534 3201 qui
2591 3112 2823 3181 veteris
2890 3122 3179 3179 monetae
3256 3113 3508 3199 pondus
3580 3135 3654 3178 ac
3715 3110 4001 3178 valorem

2423 3337 2561 3384 ιιιιιι
2649 3314 2899 3402 scriptis
2985 3315 3180 3382 male
3234 3314 3598 3383 intellectis
3629 3304 3998 3396 definivere,

783 3443 925 3489 mos
978 3419 1452 3485 Atheniensium
1528 3440 1753 3485 aureos
1777 3467 1796 3501 ,
1891 3419 2356 3487 Demosthenes
2426 3442 2465 3485 a
2518 3422 2786 3506 qum-uin
2849 3415 3096 3485 dictatis
3149 3418 3372 3487 hausta
3432 3440 3516 3485 ex
3559 3417 3779 3499 numia
3837 3418 4000 3506 ip‘sis

786 3531 1048 3597 stateres
1134 3541 1359 3587 aureos
1437 3512 1790 3601 Cyzicenos
1819 3569 1837 3602 ‚
1942 3520 2360 3605 Thucydides
2428 3518 2717 3588 doctrina
2768 3518 3142 3609 longissime
3185 3521 3335 3590 abit.
3426 3520 3672 3615 Atqui
3683 3521 3742 3589 si
3791 3518 4002 3586 missis

788 3624 1181 3706 Phocaicas,
1259 3621 1500 3688 Plinius
1564 3620 1952 3689 Victoriatos
2026 3632 2359 3710 argenteos
2428 3622 2804 3710 scriptorum
2845 3622 3221 3691 testimoniis
3278 3646 3426 3691 cum
3471 3624 3634 3694 solis
3682 3630 3814 3693 rem
3857 3641 4000 3710 age-

788 3750 873 3799 ex
911 3725 1172 3809 Illyrico
1217 3724 1545 3804 advectos,
1615 3723 1747 3791 sed
1789 3746 2007 3791 omnes
2064 3723 2189 3790 hos
2244 3744 2358 3789 no·
2425 3746 2497 3791 re
2555 3726 2779 3793 numis
2860 3725 3177 3809 instituaS,
3268 3750 3451 3815 quam
3522 3726 3849 3793 molestam
3930 3722 4003 3790 1ιί

708 3843 717 3853 ’
756 3829 888 3898 ‹bis
930 3829 1229 3897 hactenus
1291 3822 1735 3935 incompertos.
1827 3826 2009 3894 Nihil
2059 3848 2212 3901 vero
2267 3826 2360 3890 in
2421 3849 2698 3929 quoque-
2753 3827 2924 3914 ipsi,
2997 3827 3480 3947 impeditamque
3553 3828 3825 3895 offerunt
3900 3847 3998 3892 ra·
4015 3838 4020 3845 “

790 3933 1015 4001 certius
1085 3916 1458 4005 testimoniis
1520 3921 1670 3996 illis
1693 3977 1713 4012 ‚
1812 3950 1973 4027 quae
2047 3927 2362 3995 inferioris
2427 3930 2691 3996 tionem!
2772 3928 3032 3996 Pondus
3074 3931 3142 3995 in
3184 3933 3385 3999 aureis
3427 3950 3568 3999 non
3605 3929 3800 3999 modo
3843 3928 4028 4007 mire‘

791 4037 929 4106 aevi
988 4036 1325 4125 scriptores
1398 4032 1586 4102 nobis
1660 4024 2067 4103 obtrusere.
2114 4030 2365 4099 Eruditi
2433 4032 2678 4121 dispar,
2736 4031 2851 4099 sed
2896 4032 3082 4100 etiam
3125 4036 3261 4118 ejus
3289 4033 3900 4121 modi,1ut',qn’r
3887 4029 3999 4096 le·

620 4172 649 4234 g
770 4134 925 4209 'non
998 4142 1179 4230 pauci
1248 4138 1560 4208 subtiliter
1633 4135 2067 4226 explicuerunt
2135 4155 2363 4202 numos
2429 4136 2643 4203 viores
2687 4146 2862 4219 sunt,
2926 4144 3160 4202 certam
3201 4144 3265 4203 et
3306 4134 3704 4224 aequabilem
3739 4135 3822 4202 ad
3863 4153 4000 4221 gra·

795 4260 1020 4308 aureos
1098 4241 1379 4324 solidos,
1467 4239 1758 4309 semisses
1777 4290 1796 4324 ,
1828 4290 1845 4305 .
1885 4250 1950 4308 et
2020 4240 2360 4322 tremisses,
2379 4240 2401 4259 ‘
2427 4238 2637 4307 viores
2679 4239 2988 4306 rationem
3030 4259 3164 4304 non
3206 4250 3560 4327 sequantur.
3604 4239 3760 4327 Eius
3793 4256 4001 4309 exem-

799 4365 961 4431 quos
1002 4343 1084 4410 ab
1127 4343 1497 4411 Alexandro
1542 4344 1780 4411 Severo
1835 4343 2028 4412 fuisse
2078 4343 2360 4431 signatos
2426 4342 2601 4429 plum
2672 4339 2913 4409 dabunt
2979 4341 3147 4410 aurei
3215 4340 3604 4425 Lysimachi,
3701 4336 4000 4433 Philippi,
4073 4361 4092 4445 J

3303 4482 3478 4509 *qh*-
3489 4500 3544 4507 —-

2689 4500 2804 4509 -ι--..

706 4638 715 4647 ,
844 4534 848 4538 ι
934 4558 994 4633 ς)
1033 4524 1322 4634 Adpendic,
1353 4565 1415 4617 ll.
1455 4584 1510 4635 p·
1548 4560 1631 4617 16.
1772 4560 1835 4629 b)
1870 4563 1923 4617 ιι
1964 4563 2107 4619 Alex.

2422 2904 2710 2994 aliosque
2771 2906 3053 2992 eiusdem
3124 2910 3357 2993 meriti,
3434 2917 3567 2974 tum
3630 2916 3695 2974 et
3754 2905 3994 2975 lexico-
4075 2922 4088 2935 “
4137 2944 4158 2956 -

2423 3223 2530 3285 aut
2569 3222 2840 3280 suomet*
2878 3211 3128 3300 ⁸indicio
3196 3214 3432 3302 inique,
3505 3222 3611 3279 aut
3637 3246 3650 3253 -
3679 3232 3761 3279 ex
3826 3208 3998 3277 vete·
4120 3219 4133 3228 “
