4450 5542
1491 729 1569 835 C
1626 728 1715 836 A
1768 726 1999 835 RV
2055 726 2167 832 T·
2281 725 2535 833 XXI.

659 878 693 902 θ
1230 901 1237 912 ι

604 918 731 994 De
784 932 1037 993 aetate
1082 944 1491 994 numerum
1542 919 2001 1021 definienda,
2086 915 2452 1019 variisque
2504 915 2713 991 varia
2760 929 3044 1002 aetate,
3109 919 3437 1024 locisque

1757 1053 1944 1128 ανιιὶς
2008 1051 2281 1125 causis.

414 1240 622 1344 Varii
677 1278 825 1336 sunt
864 1268 1071 1353 modi,
1138 1269 1248 1357 qui
1308 1267 1570 1353 docent,
1638 1268 1723 1337 de
1773 1288 1992 1336 numo·
2060 1265 2300 1354 ptionis
2365 1264 2630 1350 modus,
2719 1287 2796 1333 ac
2855 1266 3176 1342 literarum
3226 1268 3458 1356 forma,
3544 1274 3634 1344 fg.

411 1393 555 1454 rum
598 1381 805 1439 aetate
847 1382 1017 1439 recte
1057 1394 1132 1439 ac
1173 1370 1391 1440 sobrie
1432 1372 1738 1442 arbitrari.
1836 1371 1993 1438 Non
2060 1369 2272 1451 brica,
2362 1390 2491 1457 quo
2583 1368 2838 1440 nomine
2924 1369 3356 1459 intelligimus
3415 1397 3635 1447 causas

352 1513 367 1520 -
402 1476 659 1563 agimus
710 1475 818 1540 hic
873 1474 956 1554 de
1006 1469 1115 1558 iis,
1205 1478 1313 1563 qui
1366 1498 1483 1566 per
1542 1486 1743 1544 certas
1806 1484 1990 1541 notas
2061 1472 2276 1588 operis
2331 1481 2630 1538 externas
2681 1494 2720 1536 a
2771 1472 3133 1542 mechanica
3180 1478 3446 1564 petitas,
3526 1481 3634 1549 de·

414 1574 909 1664 chronologicas
982 1600 1157 1644 suam
1241 1578 1365 1667 ipsi
1443 1588 1705 1648 aetatem
1772 1587 1992 1666 suapte
2058 1575 2249 1662 nique
2303 1575 2581 1662 picturae
2638 1573 2849 1656 stilus,
2939 1598 3067 1665 quo
3131 1581 3451 1650 vocabulo
3502 1587 3638 1670 jam

412 1678 807 1762 edisserunt,
891 1678 1246 1768 cujusmodi
1299 1692 1446 1749 sunt
1501 1681 1785 1769 inscripti
1840 1702 1990 1768 epo·
2057 1687 2315 1765 recepto
2372 1674 2720 1746 indicamus
2786 1678 3456 1775 circumscriptionem,
3531 1708 3635 1775 ge-

414 1782 570 1854 chae
624 1784 810 1866 anni,
885 1806 1045 1871 quae
1068 1785 1256 1850 ratio
1316 1785 1692 1865 certissinm,
1768 1783 1988 1850 saltem
2056 1791 2251 1863 stum,
2296 1781 2606 1862 habitum,
2652 1779 3012 1870 cultumque
3057 1785 3414 1871 signorum,
3474 1811 3635 1879 quae

402 1895 615 1970 tum,
650 1907 793 1953 cum
859 1886 942 1953 de
1000 1891 1136 1972 ejus
1197 1887 1467 1954 exordio
1534 1893 1816 1970 constat,
1885 1885 1989 1951 vel
2059 1884 2271 1950 omnia
2331 1884 2503 1954 varia
2573 1893 2806 1966 aetate,
2894 1887 3209 1975 variisque
3279 1888 3439 1958 locis
3507 1915 3634 1961 ma·

412 1988 655 2076 effigies
672 2037 693 2071 ,
782 1999 889 2056 aut
974 1990 1195 2058 saltem
1280 2010 1513 2057 nomen
1587 1990 1788 2074 regis,
1885 2000 1991 2055 aut
2054 1981 2340 2074 gnopere
2419 1983 2670 2052 differre
2756 1997 2902 2054 sunt
2985 2000 3323 2078 comperta.
3455 1994 3636 2066 Haec

412 2113 797 2182 quocunque
850 2093 1107 2159 nomine
1156 2093 1548 2183 imperantis,
1628 2093 1776 2180 quia
1838 2099 1987 2158 tem·
2060 2090 2314 2182 quidem
2414 2088 2774 2156 discrimina
2857 2102 3081 2179 suapte
3164 2116 3307 2162 sese
3391 2096 3692 2167 homini-

410 2218 565 2284 pus,
631 2217 769 2284 quo
808 2197 1220 2284 principatum
1263 2206 1553 2276 tenuere,
1627 2193 1992 2286 plerumque
2058 2190 2397 2258 tractandis
2484 2190 2692 2257 numis
2776 2191 3042 2262 adsueto
3127 2196 3434 2283 offerunt,
3517 2202 3635 2270 sed
3753 2283 3772 2292 -

386 2320 499 2382 ‚ex
544 2299 814 2366 historia
867 2300 1082 2366 critica
1106 2289 1369 2365 *certum
1410 2309 1727 2380 tenemus,
1800 2317 1990 2386 quan·
2042 2295 2207 2381 ‚quia
2250 2294 2500 2381 longius
2545 2291 2713 2364 istud
2755 2303 2999 2384 tempus
3043 2299 3353 2386 postulat,
3428 2324 3633 2394 neque

404 2422 599 2490 ,quam
680 2401 747 2467 in
805 2400 929 2467 hac
983 2411 1161 2489 parte
1210 2400 1506 2496 cautione
1559 2420 1756 2487 opus,
1847 2399 1992 2487 quia
2061 2398 2354 2466 omnibus
2413 2396 2495 2463 ad
2554 2419 2769 2464 musea
2811 2398 3135 2468 liberalius
3177 2397 3633 2473 insti-uetand-

406 2503 587 2571 fuere
662 2504 1013 2592 principes,
1102 2505 1329 2591 quibus
1407 2512 1583 2589 grata
1653 2501 1991 2590 posteritas
2054 2500 2180 2566 itus
2248 2508 2452 2589 patet,
2524 2509 2593 2566 ut
2665 2501 3162 2589 experimentum
3207 2516 3450 2595 ‘capere
3509 2511 3633 2600 ipsi

414 2605 525 2673 diu
579 2617 739 2694 post
790 2627 1009 2672 eorum
1062 2616 1326 2671 mortem
1384 2623 1609 2672 numos
1655 2604 1988 2685 dedicavit,
2059 2602 2346 2692 possint,
2410 2601 2494 2668 ad
2554 2604 2766 2690 operis
2811 2605 2933 2672 mei
2975 2606 3324 2676 institutum
3364 2613 3632 2699 pertine·
3759 2607 3766 2612 ⁹

410 2731 531 2777 ceu
574 2708 849 2792 Geloni,
895 2709 1196 2791 Hieroni,
1240 2707 1607 2776 Alexandro
1639 2707 1773 2789 M.,
1817 2707 1989 2775 Julio
2058 2728 2128 2773 re
2170 2705 2414 2794 putavi,
2478 2705 2847 2777 utilissimae
2899 2707 3085 2794 hujus
3135 2710 3498 2796 doetrinae,
3571 2725 3634 2783 et

413 2813 702 2895 caesari,
776 2821 849 2879 ut
902 2811 969 2877 in
1025 2810 1412 2897 singulorum
1464 2812 1668 2878 numis
1731 2811 1989 2878 dicetur.
2058 2809 2142 2875 ad
2227 2807 2453 2874 multas
2529 2829 2751 2878 causas
2837 2810 3220 2894 profuturae
3271 2837 3635 2906 proponere

410 2916 651 2990 Verum
690 2915 930 3002 agimus
975 2914 1105 2982 hoc
1144 2914 1296 2980 loco
1342 2907 1424 2980 de
1467 2914 1669 2980 munis
1712 2914 1821 2998 iis,
1883 2913 1990 3001 qui
2056 2920 2424 3004 praecepta,
2530 2929 2693 2998 quae
2776 2907 2976 2998 longo
3049 2925 3340 2984 monetae
3401 2920 3630 3002 veter-'s

411 3025 685 3106 utroque
738 3017 869 3084 hoc
909 3017 1197 3086 subsidio
1242 3016 1325 3083 ad
1365 3015 1782 3084 definiendam
1825 3017 1988 3082 aeta·
2055 3033 2173 3080 usu
2243 3012 2395 3076 satis
2464 3031 2504 3075 a
2556 3032 2658 3079 me
2711 3015 3152 3100 comprobata,
3242 3019 3629 3134 confirmata·

411 3130 545 3187 tem
586 3139 771 3188 suam
836 3129 1080 3202 carent,
1152 3140 1279 3207 qua
1341 3119 1563 3188 indole
1619 3118 1986 3206 plerumque
2054 3136 2177 3202 que
2219 3113 2526 3197 intelligo.

404 3233 560 3291 sunt
610 3223 785 3292 nmni
837 3222 966 3305 illi,
1034 3243 1197 3310 quos
1268 3234 1610 3289 autonomos
1668 3239 1983 3285 vocamus,
2223 3215 2566 3282 Enimvero
2619 3191 3110 3300 Barthelemius,
3191 3221 3261 3285 in
3318 3221 3449 3288 hoc
3499 3233 3628 3290 stu-

406 3326 499 3394 Et
557 3336 771 3394 tamen
821 3325 1141 3413 permagni
1195 3324 1457 3391 interest
1511 3325 1647 3390 sive
1697 3320 1781 3388 ad
1834 3322 1985 3390 artis
2053 3318 2301 3386 diorum
2372 3338 2601 3404 genere
2661 3339 2906 3404 semper
2979 3341 3119 3388 cum
3189 3322 3440 3392 honore
3513 3347 3627 3393 no·

407 3430 642 3500 amris
702 3427 1061 3508 historiam,
1129 3426 1263 3494 sive
1322 3427 1479 3494 alias
1542 3446 1792 3505 causaS,
1866 3424 1985 3490 etsi
2048 3419 2412 3507 minandus,
2503 3430 2647 3487 ante
2730 3442 2935 3490 annos
3021 3426 3379 3514 complures
3450 3449 3627 3517 argu.

408 3553 545 3602 non
604 3531 963 3622 proximum
979 3575 999 3610 ‚
1084 3537 1295 3602 tamen
1363 3528 1577 3618 quoad
1640 3530 1775 3613 ejus
1850 3525 1986 3593 fieri
2051 3527 2324 3591 mentum
2380 3522 2550 3590 istud
2603 3524 2815 3612 coepit
2865 3534 3134 3595 tractare
3153 3528 3362 3610 edita
3381 3531 3626 3620 insigni

362 3615 680 3724 'poten-it,
768 3634 1192 3751 propinquum
1278 3644 1760 3700 autonomorum
1833 3640 1983 3700 tem·
2053 3626 2572 3709 dissertatione,
2599 3648 2786 3714 quam
2837 3628 3029 3700 Eum
3081 3632 3259 3704 (ιἰιιιο
3309 3636 3627 3723 podogro-

404 3759 531 3827 με
586 3735 902 3819 indicare,
971 3735 1308 3824 praecipue
1358 3757 1501 3802 cum
1551 3734 1710 3802 haec
1763 3751 1982 3802 numo·
2043 3733 2187 3816 phio
2281 3736 2727 3817 'immanique
2818 3732 3229 3822 inscripsitu)
3359 3737 3628 3806 Parabgt

402 3859 549 3910 rum
645 3838 867 3906 classis
953 3838 1316 3926 antiquitate
1400 3835 1676 3926 reliquas
1763 3855 1982 3904 omnes
2051 3834 2369 3902 materiam
2456 3855 2704 3901 omnem
2781 3832 3024 3903 duabus
3097 3839 3379 3925 partibus
3454 3863 3625 3907 oont-

404 3931 765 4026 antecellat.
2050 3937 2243 4025 plecti
2263 3985 2283 4020 ,
2353 3958 2611 4027 quarum
2662 3937 2864 4025 prima
2897 3950 3130 4023 ageret
3170 3940 3253 4007 de
3294 3949 3625 4010 numeram

582 4043 763 4131 Ergo
848 4040 1281 4111 deficientibus
1363 4041 1548 4109 certis
1632 4049 1983 4128 temporum
2049 4040 2319 4120 fabrica,
2397 4035 2685 4120 metallo,
2768 4038 3087 4127 pondere,
3175 4041 3621 4128 magnitudine,

400 4144 661 4214 indiciis
754 4144 1165 4222 advocandae
1244 4143 1418 4231 leges
1502 4140 1702 4221 aliae,
1827 4163 1987 4230 quae
2051 4142 2257 4210 sonna
2307 4140 2656 4222 literarum,
2741 4150 2806 4207 et
2856 4151 3076 4212 natura
3126 4154 3457 4233 typorum,
3531 4147 3625 4215 al-

400 4248 664 4342 possint
729 4246 1144 4317 desideratam
1222 4245 1443 4312 aetatis
1510 4243 1985 4332 intelligentiam
2050 4256 2187 4315 tera
2249 4263 2398 4331 pars
2467 4244 2537 4310 ιιι
2600 4250 2884 4312 naturam
2944 4256 3238 4315 monetae
3273 4250 3491 4317 ‘variis
3557 4252 3625 4318 ιιι

399 4350 837 4443 meditare.
946 4351 1110 4418 Sunt
1150 4368 1304 4416 vero
1348 4347 1695 4432 metallum,
1763 4347 1981 4415 inscri-
2047 4345 2418 4434 regionibus
2481 4344 2762 4433 signatae
2825 4347 3165 4436 inquireret
3219 4351 3401 4420 initio
3454 4352 3622 4422 facto

3545 4485 3612 4521 ⁷·-

546 4588 605 4656 e)
651 4585 1340 4657 B.10.T.m.p.30.
3009 4621 3020 4628 .
3141 4601 3154 4618 s

1138 4691 1145 4700 ‘
3095 4689 3194 4754 r2
