4450 5542
694 483 709 628 ζ
834 523 1054 580 mur
1194 455 1211 462 ”
1304 573 1313 582 ,
1499 477 1535 586 ’,
1781 487 2531 616 PRoLEeoMENA
2585 443 3156 574 GENERALIA
3253 485 3260 496 ’

809 669 1066 758 α91181113
1120 665 1255 747 ejus
1310 675 1492 755 curas
1548 657 1764 726 refert.
1828 668 1996 745 apud
2056 665 2403 731 1118103110(-
2471 683 2623 750 ergo
2679 660 2981 730 habemus
3033 663 3255 730 Albim
3310 683 3537 730 numos
3592 683 3735 728 cum
3776 661 4049 751 Augusti

836 791 933 840 333
994 785 1242 847 aarum,
1307 772 1730 846 &geniumque
1791 769 2101 848 signatur,
2171 775 2236 831 at
2293 785 2405 831 cur
2469 764 2702 847 titulo,
2752 765 3088 832 nobilioris
3149 764 3386 834 metalli
3438 775 3587 831 sunt
3644 785 3902 848 omnes,
3964 787 4047 832 eo

750 900 759 911 ·
838 892 972 943 non
1038 868 1222 935 etiam
1285 865 1433 931 aes?
1507 863 1793 931 nimirum
1856 876 2213 955 utrumque
2244 865 2406 933 illud
2460 868 2759 958 jubente
2783 877 2900 956 pe‘r
2970 868 3240 964 6811133,
3328 868 3804 965 Britanniamve
3893 869 4048 950 cusi,

793 963 993 1061 jin-is
1046 971 1179 1052 sui²
1228 965 1399 1035 istud
1444 941 1746 1034 senatorii
1797 967 1935 1037 fuit.
2022 969 2179 1036 Non
2223 969 2406 1086 pauci
2474 993 2629 1059 quas
2692 970 2804 1040 ille
2872 972 3232 1059 provincias
3293 970 3416 1037 in
3403 980 3736 1058 potestate
3802 969 4046 1037 habuit.

500 1135 509 1138 -
842 1082 1092 1146 exstant
1143 1092 1227 1138 ex
1280 1079 1538 1156 argento
1584 1069 1914 1137 Pescennii
1962 1074 2135 1138 numi
2176 1091 2225 1137 3
2256 1072 2406 1138 viris
2471 1074 2683 1160 Atque
2731 1073 2834 1139 his
2884 1074 3076 1140 credo
3132 1075 3536 1160 argumentis,
3592 1074 3674 1141 ab
3733 1073 3892 1160 ipsis
3944 1074 4040 1139 181

347 1211 383 1272 g
556 1179 573 1213 ⁸
754 1255 761 1260 ,
842 1177 969 1247 fide
1042 1174 1246 1261 dignis
1324 1171 1593 1258 vulgati,
1681 1194 1904 1280 aureus
1969 1175 2154 1240 etiam
2222 1194 2406 1258 unus,
2473 1174 2935 1243 numismaticae
3053 1178 3257 1243 causis
3352 1176 3597 1264 petitis,
3716 1176 4045 1244 evidenter

518 1270 522 1275 ’
846 1300 1077 1348 aeneus
1140 1276 1364 1350 Latine
1434 1255 1805 1363 inscriptus,
1890 1278 1999 1364 qui
2087 1295 2410 1342 censuram
2477 1277 2956 1365 comprobatum
3031 1298 3172 1344 esse
3227 1283 3338 1364 3113
3402 1282 3814 1386 monetarium
3879 1263 4046 1346 inter

846 1378 1139 1462 evaserit,
1194 1376 1403 1446 nullus
1454 1376 1803 1467 hucusque
1828 1387 2215 1480 compertus.
2302 1377 2410 1443 Ju·
2479 1390 2760 1450 3311811181
2824 1390 2887 1446 et
2926 1379 3250 1466 Augustos
3296 1381 3580 1449 divisum.
4089 1459 4098 1466 ,

845 1506 917 1553 13
978 1481 1171 1552 istud.
1272 1478 1653 1548 Pescennius
1718 1482 1918 1564 enim,
2004 1489 2415 1570 posteaquam
2653 1483 2834 1550 Haec
2871 1482 3070 1550 latius
3128 1483 3432 1572 exposui,
3488 1485 3633 1573 quia
3675 1483 3898 1570 video,
3960 1482 4090 1549 (11·“

716 1666 728 1680 ἱ
848 1584 1043 1654 semel
1102 1584 1430 1672 imperium
1494 1583 1796 1672 suscepit,
1871 1605 2115 1665 aurum,
2190 1601 2415 1670 argen-
2481 1585 2682 1652 visum
2723 1584 2894 1652 istud
2923 1590 3032 1672 jus
3076 1609 3210 1653 non
3252 1587 3448 1654 modo
3501 1588 3656 1656 olim
3697 1609 3738 1652 8
3745 1577 4054 1652 Joberto

851 1699 1105 1776 tumque
1159 1686 1243 1754 ad
1285 1709 1387 1770 se,
1446 1707 1581 1752 non
1622 1686 1771 1754 item
1813 1708 1921 1753 aes
1963 1686 2276 1774 pertinere
2319 1693 2418 1752 est
2483 1688 2554 1754 in
2613 1687 2869 1758 dubium
2903 1700 3254 1772 vocatum,
3335 1711 3524 1778 quem
3587 1687 3817 1755 deinde
3887 1686 4058 1756 locis
4129 1729 4144 1748 .

794 1837 801 1844 -
850 1800 1053 1873 ratus,
1143 1797 1363 1857 senatu
1449 1789 1696 1858 interim
1774 1773 2017 1858 Romae
2103 1799 2415 1878 occupato
2486 1811 2675 1880 supra
2726 1790 3013 1860 adductis
3067 1792 3279 1859 solide
3329 1792 3621 1860 refutavit
3693 1792 3864 1857 Baro
3919 1788 4057 1856 -Bi-
4123 1811 4136 1818 ’

851 1890 1136 1962 feriunda
1199 1900 1453 1958 moneta
1523 1912 1717 1958 aenea
1778 1912 1919 1957 cum
1973 1893 2174 1980 capite
2224 1891 2417 1962 seve-
2488 1894 2772 1977 mardus,
2849 1895 2966 1962 sed
3026 1913 3226 1984 nuper
3291 1897 3479 1976 etiam
3554 1897 3791 1978 majore
3851 1889 4062 1956 adhuc

851 1997 939 2078 ri,
984 1997 1065 2062 ‘in
1109 1999 1284 2080 cujus
1327 1993 1389 2060 is'
1425 1991 1737 2082 potestate
1779 1993 1914 2061 fuit.
1986 1995 2224 2062 =Albini
2270 1996 2419 2063 Clo·
2489 1997 2632 2064 nisu
2677 2020 2724 2068 ‚a
2764 1998 2904 2064 viro
2960 1997 3320 2085 praeclarae
3377 1995 3749 2065 eruditionis
3792 1990 4060 2080 Stepha-

855 2097 946 2170 (111
997 2120 1037 2166 3
1086 2099 1326 2166 Severo
1378 2098 1686 2166 Caesareo
1740 2097 1994 2165 nomine
2049 2100 2257 2183 ornati
2310 2121 2421 2166 nu·
2489 2121 2577 2168 no
2639 2098 2996 2182 Morcello,
3074 2109 3382 2168 statuente
3447 2098 3750 2187 deniqne,
3824 2114 4061 2176 aurum,

854 2222 999 2292 mos
1058 2199 1360 2270 habemus
1425 2221 1559 2276 non
1622 2222 1846 2268 aureos
1907 2201 2135 2286 mod0,
2205 2223 2423 2288 argen-
2491 2211 2844 2289 argentum,
2904 2223 3011 2270 aes
3076 2223 3326 2289 semper
3389 2201 3757 2269 auctoritate
3809 2206 4065 2266 senatus

710 2307 723 2316 ’
855 2313 1151 2391 tuosque,
1209 2303 1326 2372 sed
1367 2313 1433 2371 et
1474 2325 1739 2387 aeneos3
1794 2313 1861 2370 at
1910 2315 2324 2393 posteaquam
2366 2303 2424 2370 is
2492 2306 2801 2390 signatum
2853 2304 3091 2390 esse·).
3193 2303 3400 2371 Lubet
3465 2303 3834 2410 praecipuas
3897 2299 4067 2366 viro»

702 2491 705 2502 Ι
774 2459 781 2465 .
858 2430 899 2473 8
961 2407 1203 2474 Severo
1228 2441 1243 2468 a
1272 2406 1563 2492 descivit,
1644 2416 1709 2473 et
1768 2405 2118 2524 Augustum
2179 2429 2251 2474 33
2314 2427 2428 2473 sua
2491 2429 2630 2474 rum
2670 2404 3113 2495 praestantium
3165 2406 3443 2472 rationes
3504 2399 3756 2476 audire
3774 2403 4064 2517 primum,

860 2516 1093 2598 sponte
1157 2506 1347 2590 dixit,
1420 2530 1526 2576 aes
1584 2512 1722 2594 ejus
1782 2510 2039 2576 nomine
2090 2509 2266 2584 feriri
2319 2509 2426 2574 de·
2498 2503 2728 2576 deinde
2773 2507 3097 2589 refellere,
3161 2508 3308 2596 quia
3375 2506 3596 2574 eadem
3667 2507 3863 2594 opera
3915 2504 4065 2620 91113

863 2611 1009 2680 3111.-
1088 2608 1321 2696 Neque
1391 2610 1558 2676 enim
1616 2603 1921 2686 hactenus
1984 2620 2272 2710 repertus
2333 2619 2431 2677 est
2496 2610 2654 2678 lucis
2721 2610 2978 2714 accedet
3033 2610 3349 2684 communi
3407 2609 3781 2689 sententiae,
3835 2606 4064 2704 90113·

862 2712 1085 2782 Albini
1138 2733 1360 2780 numus
1416 2732 1679 2794 aeneus,
1739 2713 1848 2802 qui
1899 2734 2042 2779 eum
2082 2702 2432 2801 Augustum
2501 2733 2623 2800 que
2673 2699 2780 2794 38,Ι
2846 2735 2942 2780 83
2973 2711 3162 2799 plane
3227 2710 3454 2796 solidis
3508 2710 3906 2798 argumentis
3940 2717 4066 2776 sta·

867 2814 1133 2897 diceret,
1189 2815 1327 2896 etsi,
1394 2817 1500 2903 qui
1540 2815 1668 2883 hoe
1708 2819 2057 2904 praestent,
2111 2815 2435 2884 abundent
2503 2814 2766 2882 bilietur.
2869 2814 3099 2900 Ajunt‚
3180 2824 3470 2882 monetae
3547 2823 3865 2880 curatores
3927 2810 4066 2880 nul·
4109 2859 4126 2872 .

868 2916 1171 3004 argentei.
1258 2919 1413 3003 EJus
1467 2917 1618 2988 faeti
1660 2939 1849 2986 causa
1888 2919 2078 3007 plane
2119 2918 2433 3007 expedita.
2502 2917 2571 2986 lo
2624 2915 2980 2984 discrimine
3025 2916 3155 2985 (1131
3206 2920 3471 2985 Ill-viros
3510 2919 3713 2995 Auro,
3768 2907 4068 3000 Argeas,

873 3022 1143 3092 Constat
1184 3041 1268 3088 ex
1312 3019 1547 3088 diserto
1590 3021 1948 3089 testimonio
1980 3021 2333 3090 Herodiani
2351 3022 2434 3109 ¹¹),
2503 3023 2656 3094 Acri
2690 3021 2913 3102 flando
2955 3021 3265 3102 feriando.
3371 3019 3731 3088 Generatim
3782 3015 3940 3105 jam
3969 3038 4068 3086 re·

870 3127 1174 3196 Severum
1238 3123 1495 3192 nomine
1545 3122 1766 3193 Albim
1818 3125 2104 3193 Caesaris
2160 3127 2228 3192 in
2286 3126 2437 3193 Gal·
2505 3121 2765 3211 spondit
2859 3121 3194 3210 Bimardus
3214 3119 3310 3210 ⁶),
3402 3133 3797 3210 nequaquam
3889 3141 4073 3206 repu-

868 3227 962 3306 118
1024 3225 1323 3298 absentis
1357 3234 1671 3294 monetam
1722 3226 1968 3296 Romae
2026 3228 2263 3315 signari
2303 3232 2444 3320 3113-
2489 3246 2730 3312 guare,
2788 3203 3050 3292 eosdem
3103 3224 3456 3311 praefectos
3504 3225 3790 3311 potuisse
3842 3243 4073 3310 procu·
4153 3268 4172 3278 -

872 3331 1050 3398 sisse.
1135 3328 1334 3398 Feriit
1382 3335 2019 3416 agotum-senatus
2062 3353 2292 3400 numos
2336 3353 2439 3398 83·
2506 3352 2649 3397 rare
2713 3337 2777 3394 et
2841 3336 3156 3394 monetam
3231 3327 3597 3407 Caesarum,
3676 3337 3742 3393 et
3804 3335 4077 3392 senatuis.
4133 3391 4142 3398 .

746 3435 761 3448 ⁸
875 3451 1034 3500 neos
1097 3439 1225 3498 tam
1283 3433 1539 3498 nomine
1601 3431 1823 3500 Severi
1886 3434 2188 3520 Augusti,
2251 3455 2442 3521 quam
2509 3432 2597 3498 At
2679 3430 2847 3496 enim
2932 3437 3389 3513 argumentum,
3479 3428 3653 3518 quod
3735 3443 4078 3515 opponam,
4197 3421 4216 3430 “

873 3531 1096 3602 Albini
1139 3530 1459 3614 Caesaris,
1504 3553 1631 3618 quo
1674 3515 1872 3599 modo
1915 3535 1971 3601 is
2011 3556 2145 3603 uno
2186 3533 2440 3604 eodem·
2507 3530 2720 3614 multo
2749 3530 2908 3596 mihi
2941 3529 3208 3597 solidius
3252 3541 3503 3626 praesto
3548 3539 3662 3599 est.
3735 3531 3942 3622 Tanta
3977 3537 4082 3596 est
4201 3551 4214 3558 ·

880 3651 1010 3751 qne
1045 3642 1328 3719 tempore
1368 3633 1638 3718 signavit
1676 3654 1903 3702 numos
1942 3641 2198 3705 nomine
2239 3637 2441 3706 Anto·
2507 3636 2577 3702 18
2642 3634 3086 3720 imperatorum
3150 3644 3403 3701 moneta
3468 3652 3796 3701 numorum
3860 3648 4078 3699 aureo·

853 3735 1014 3806 nini
1066 3734 1163 3802 Pii
1208 3734 1512 3820 Augusti,
1569 3748 1633 3804 et
1686 3733 1782 3801 Μ.
1834 3738 2080 3804 Aurelii
2135 3731 2452 3808 Caesaris.
2509 3759 2648 3807 rum
2713 3746 2784 3803 et
2841 3745 3278 3830 argenteorum
3346 3736 3724 3817 concordia,
3801 3744 3871 3801 ut
3930 3755 4079 3800 1810

880 3827 1117 3908 Verum
1159 3837 1344 3906 simul
1385 3847 1572 3926 atque
1593 3836 1864 3905 Albinus
1906 3851 2157 3928 arrepto
2180 3839 2446 3934 Augusti
2516 3847 2720 3907 exstet
2762 3848 2952 3926 typus
2993 3835 3221 3930 aliquis
3265 3843 3332 3905 in
3375 3862 3549 3920 auro,
3585 3838 3703 3926 qui
3742 3858 3878 3904 non
3910 3813 4084 3903 idem

782 3933 815 4010 s
884 3942 1086 4012 titulo¹
1119 3940 1324 4012 hostis
1378 3963 1419 4008 8
1457 3941 1697 4010 Severo
1746 3940 2065 4036 judicatus
2110 3952 2240 4025 est,
2286 3942 2450 4012 desi·
2515 3942 2736 4029 plane,
2794 3951 2862 4009 et
2924 3931 3263 4008 seeundum
3330 3963 3552 4008 omnes
3606 3963 3825 4008 causas
3873 3948 4080 4006 exsta·

885 4062 1037 4116 nere
1089 4046 1275 4114 etiam
1323 4047 1457 4131 ejus
1506 4053 1762 4113 moneta
1801 4065 1996 4112 aenea
2049 4044 2287 4129 debuit,
2340 4046 2451 4114 Al·
2517 4056 2615 4114 ret
2664 4045 2969 4136 31181818
3021 4053 3281 4130 argento
3297 4093 3316 4125 ,
3369 4055 3437 4111 et
3489 4043 3798 4125 vicissim,
3859 4041 4085 4118 ‘saltem

887 4145 1045 4215 bino
1089 4169 1223 4218 nou
1265 4147 1389 4214 sibi
1431 4158 1792 4235 arrogante,
1851 4147 2029 4237 quod
2064 4147 2259 4216 alieni
2290 4149 2454 4236 juris
2518 4147 2635 4216 s'ub
2673 4149 2751 4218 iis
2794 4148 3305 4236 imperatoribus,
3359 4146 3470 4235 qui
3523 4146 3737 4235 plures
3790 4165 3874 4211 ex
3924 4164 4082 4210 auro

891 4245 1036 4327 fuit,
1081 4259 1329 4331 senatu,
1384 4251 1501 4336 qui
1534 4272 1573 4317 a
1610 4253 1853 4319 Severo
1897 4251 2252 4336 tenebatur,
2304 4274 2451 4341 pro·
2519 4273 2746 4320 numos
2822 4250 3146 4322 13181ηά03
3224 4269 3540 4317 cin-avere.
3641 4247 3880 4316 Confer
3941 4267 4086 4314 cum

668 4406 681 4414 .
764 4349 777 4362 “
876 4349 1071 4437 'sequi
1110 4359 1402 4439 coeptum
1450 4351 1759 4420 honorem
1817 4373 1955 4446 non
2004 4375 2177 4421 auso.
2271 4357 2453 4433 Quos
2519 4356 2619 4421 his
2672 4357 2987 4422 monetam*
3041 4374 3302 4442 aeneam(
3361 4352 3478 4419 sub
3546 4351 3762 4440 primis
3823 4337 4092 4438 impetui

720 4225 757 4262 l

1034 4571 1091 4629 b)
1128 4569 1184 4621 L.
1219 4569 1282 4621 11.
1318 4572 1416 4625 sub
1450 4571 1537 4624 fin.
1676 4571 1731 4639 3)
1767 4573 1986 4631 (1331110
2019 4573 2250 4646 18331191.
2288 4530 2398 4636 Lat.¹
2431 4576 2493 4628 1..
2529 4577 2567 4630 1.
2602 4595 2657 4646 9.
2696 4578 2844 4633 223.-
2919 4572 3014 4641 ’(1)
3048 4575 3115 4629 ad
3146 4575 3273 4632 Job·
3309 4571 3374 4626 Τ.
3407 4573 3469 4626 11.
3503 4590 3558 4642 9-
3594 4569 3682 4626 62.
3735 4529 3780 4622 -'
