4450 5542
1624 461 2418 577 GAPvTxn

396 670 635 749 visum,
716 668 889 736 hune
948 667 1229 756 picturae
1280 665 1542 740 medum
1594 685 1984 757 nequaquam

398 774 473 839 in
508 771 789 839 Etrusco
834 770 980 840 solo
1023 780 1428 859 prognatum,
1498 768 1617 836 sed
1654 792 1736 838 ex
1778 768 1983 837 vicina

400 875 499 944 M.
562 873 835 941 Graecia
904 876 1247 956 invectum,
1337 873 1833 962 adoptatumque
1901 871 1980 937 ab

398 977 725 1059 Etruscis,
781 987 849 1043 et
888 977 969 1044 ab
1013 977 1113 1044 his
1160 975 1391 1044 diutius
1434 982 1773 1057 retentum,
1845 995 1983 1038 cum

397 1079 655 1150 interim
717 1069 950 1148 Graeci
999 1082 1199 1167 magis
1255 1088 1514 1147 naturae
1569 1076 1837 1165 obsequi
1892 1074 1984 1144 di·

3384 522 3613 577 CXXXV

2052 673 2123 733 et·
2154 665 2340 752 hujus
2384 663 2667 753 epochae
2708 671 2854 732 sunt
2893 661 3068 734 numi
3106 678 3326 732 omnes
3351 663 3630 736 Zanclen·
3731 677 3740 682 “

2049 770 2306 835 nomine
2357 769 2658 858 inscripti.
2778 766 3100 856 Plerique.
3140 769 3323 836 etiam
3377 767 3619 838 Naxio-

2047 892 2185 939 rum
2241 872 2494 939 Siciliae
2546 872 2720 938 numi
2781 869 2951 937 haud
3012 869 3204 937 dubie
3255 871 3379 937 huc
3431 868 3644 959 perti?

2050 983 2230 1057 nent,
2279 976 2462 1062 ·quia‘
2490 995 2710 1043 eorum
2764 975 2914 1040 urbs
2960 972 3042 1041 V.
3078 974 3146 1069 C:
3193 979 3340 1044 351.
3386 996 3424 1039 a
3464 973 3618 1039 Dio·

2050 1079 2242 1161 nysio
2287 1077 2496 1145 deleta
2536 1078 2669 1146 fuit.
2755 1076 2857 1143 Ex
2886 1075 3104 1142 harum
3142 1077 3329 1162 igitur
3373 1076 3619 1143 urbium

400 1192 675 1250 seen-ent.
773 1184 1033 1250 Tamen.
1058 1182 1127 1250 in
1169 1183 1297 1256 hoc
1340 1182 1522 1264 stile,
1581 1181 1703 1248 etsi
1745 1180 1985 1267 absque
2049 1182 2253 1249 numis
2296 1181 2637 1248 certissime
2679 1201 3014 1269 possumus
3077 1178 3159 1246 de
3201 1189 3363 1245 statu
3405 1199 3617 1247 mone·

400 1305 595 1354 eausa
653 1294 914 1390 naturae
969 1286 1095 1356 vim
1153 1285 1411 1368 inferat,
1493 1281 1792 1353 adversus
1842 1299 1984 1370 par·

398 1391 553 1457 tium
611 1390 783 1456 inter
836 1410 908 1456 se
958 1389 1438 1478 proportionem
1486 1407 1629 1455 -non
1670 1391 1983 1475 peccatur,

402 1490 939 1581 quemadmodum
1022 1492 1271 1581 peccari
1355 1489 1623 1558 vidimus
1717 1487 1982 1556 articulo

2052 1294 2183 1368 tae,
2273 1285 2475 1373 quah's
2537 1306 2652 1373 per
2710 1282 3034 1371 epocham
3091 1282 3142 1347 Ι.
3203 1282 3369 1366 suit,·
3456 1281 3618 1349 arbi·

2050 1391 2217 1456 trari.
3055 1451 3074 1456 -

2222 1492 2414 1559 Esset
2464 1490 2570 1555 hic
2620 1489 2802 1556 locus
2861 1486 3391 1555 commemorandi
3449 1507 3617 1552 com·

400 1595 828 1684 praecedente
899 1596 969 1662 in
1039 1596 1245 1663 numis
1314 1595 1595 1681 picturae
1659 1590 1981 1672 barbarae.
2046 1596 2264 1686 plures
2337 1593 2492 1667 alias
2567 1593 2970 1659 vetustissimi
3038 1591 3418 1658 Graecorum
3493 1587 3624 1656 stili

282 1735 291 1742 -
400 1698 549 1766 Hac
611 1700 783 1766 euim
852 1706 1132 1785 spectata
1186 1696 1347 1764 nihil
1413 1697 1569 1767 vitio
1625 1693 1804 1761 dabis
1850 1693 1984 1758 sive
2050 1719 2299 1780 causas,
2376 1719 2635 1787 quarum
2700 1719 2825 1785 ope
2883 1717 3017 1762 11011
3083 1715 3229 1761 raro
3286 1713 3617 1781 possemus

400 1800 695 1868 laudato
730 1799 1021 1890 Apollini
1094 1800 1474 1882 Terentiae,
1561 1798 1696 1866 sive
1767 1796 1984 1863 Mino·
2051 1802 2133 1869 de
2198 1802 2386 1887 hujus
2441 1800 2724 1888 epochae
2782 1801 2983 1865 numis
3046 1787 3459 1864 confidentius
3525 1815 3619 1859 ar·

400 1916 585 1972 mo
681 1904 999 1986 (31100010,
1109 1902 1357 1985 aliisve,
1457 1905 1721 1991 quorum
1808 1897 1987 1966 attuli
2050 1904 2297 1986 bitrari,
2379 1902 2494 1970 sed
2563 1925 2718 1991 quas
2789 1885 2965 1969 lubet
3021 1900 3404 1990 praeterire,
3484 1897 3657 1984 sive'

401 2005 716 2095 exempla.
2051 2007 2227 2096 quod
2291 2027 2398 2073 eas
2454 2006 2560 2072 alii
2621 2026 2704 2071 ex
2755 2015 3034 2073 veterum
3098 2004 3305 2071 omnis
3367 1999 3618 2089 generis

574 2102 933 2197 Vtrumque
1016 2103 1233 2175 vitium
1327 2107 1629 2175 hactenus
1715 2125 1984 2172 comme·
2048 2109 2465 2177 monumentis
2509 2108 2758 2176 abunde
2802 2129 3222 2197 proposuere,
3268 2106 3402 2173 sive
3445 2102 3620 2192 quod

403 2214 717 2281 moratum
750 2199 781 2236 ⁸*
802 2212 1079 2279 vitavere
1163 2210 1333 2277 numi
1373 2224 1388 2236 ‘
1418 2209 1663 2297 plureS,
1748 2207 1986 2298 praeci·
2052 2214 2369 2301 ambigua,
2437 2223 2501 2279 et
2572 2213 2827 2280 nimium
2880 2231 3088 2302 saepe
3152 2210 3399 2284 fallacia
3462 2207 3620 2272 haec

405 2337 533 2405 pue
601 2314 704 2381 M
778 2313 1113 2395 Graeciae,
1202 2333 1469 2401 quorum
1539 2314 1783 2400 pictura
1849 2332 1983 2378 non
2051 2320 2200 2385 artis
2272 2326 2608 2405 praecepta
2660 2316 2985 2397 existium,
3053 2316 3188 2382 sive
3255 2310 3430 2401 quod
3486 2331 3620 2375 non

401 2417 619 2487 modo·
648 2415 811 2484 nihil
858 2413 1045 2493 offert
1088 2424 1193 2482 aut
1236 2416 1519 2498 barbari,
1593 2426 1699 2482 aut
1741 2414 1981 2481 violen·
2049 2422 2104 2487 is
2148 2442 2316 2502 sum,
2385 2419 2493 2508 qui
2536 2420 2763 2501 ausim,
2829 2439 3010 2492 veras
3056 2414 3510 2484 vetustissimae
3550 2413 3619 2479 in

292 2563 313 2574 α
403 2526 486 2605 11,
553 2519 699 2588 sed
728 2520 942 2637 potius
993 2526 1250 2584 naturae
1290 2515 1536 2604 legibus
1579 2516 1847 2584 fideliter
1890 2519 1981 2583 in·
2048 2524 2251 2591 numis
2303 2523 2606 2628 picturae
2665 2531 2884 2602 notas,
2972 2530 3042 2586 ut
3091 2542 3198 2588 eas
3262 2541 3346 2586 ex
3418 2517 3616 2603 longo

401 2623 649 2705 haeret,
740 2624 809 2687 in
879 2643 1034 2711 qua,
1123 2620 1179 2686 si
1233 2621 1504 2707 rigorem
1577 2631 1640 2688 et
1692 2642 1980 2708 asperum

400 2727 829 2806 membrorum
894 2733 1133 2791 textum
1205 2723 1448 2805 demas,
1538 2723 1698 2789 nihil
1768 2722 1978 2810 culpa-

336 2859 349 2870 ·
401 2831 589 2900 veris.
676 2828 886 2914 Hujus
916 2826 1224 2894 stilisunt
1241 2825 1575 2915 Neptunus
1604 2825 1977 2892 Posidonia·

400 2946 635 3015 tarum,
712 2929 1002 3018 3119911οι-
1065 2928 1433 3011 fulminans,
1522 2925 1629 2996 aut
1695 2928 1976 3016 quisquis

400 3039 471 3104 is
510 3047 640 3116 est,
707 3033 1248 3114 Cauloniatnrum,
1303 3033 1429 3099 bos
1464 3031 1813 3119 ‘respiciens
1850 3031 1978 3112 Sy-

402 3137 779 3217 barin-um,
839 3134 1128 3224 luppiter
1170 3134 1431 3217 sedens,
1501 3145 1566 3200 et
1621 3143 1809 3221 caput
1848 3132 1979 3200 leo·

402 3242 509 3309 nis
548 3237 1014 3326 11110ςί00101»,
1067 3245 1136 3303 111
1177 3238 1457 3325 copiosis
1498 3235 1635 3312 aliis
1674 3235 1983 3323 exemplis

374 3343 781 3412 abstineam.
886 3339 1094 3428 Atqui
1144 3350 1207 3407 et
1250 3339 1374 3407 hos
1417 3339 1583 3406 intra
1622 3338 1786 3419 hanc
1828 3359 1983 3425 epo-

406 3447 590 3518 nunu
665 3440 1176 3536 concludendos,
1262 3453 1369 3510 aut
1452 3442 1674 3510 saltem
1755 3440 1982 3507 horum

404 3547 667 3640 phos,
734 3567 819 3613 ex
862 3565 943 3613 eo
985 3543 1378 3611 manifestum
1420 3552 1552 3625 est,
1623 3544 1767 3632 quia
1806 3543 1981 3610 fuere

402 3650 637 3732 urbes,
683 3656 1031 3738 quaepost
1071 3655 1364 3714 statutum
1408 3667 1448 3711 a
1489 3667 1589 3730 me
1617 3646 1802 3732 hujus
1831 3665 1983 3734 epo⁶

405 3753 569 3821 ebe
638 3750 883 3820 exitum
922 3771 1173 3817 *numos
1238 3746 1504 3836 amplius
1587 3747 1777 3816 ferire
1850 3769 1981 3816 non

402 3863 771 3947 potuerunt.
884 3852 1040 3920 Exit
1079 3852 1265 3932 haee,
1332 3863 1401 3917 ut
1443 3850 1753 3936 dixeram,
1801 3853 1984 3920 circa

400 3947 643 4028 m
710 3955 796 4024 V.
852 3955 1152 4048 C.-291.‚
1215 3963 1281 4020 at
1318 3954 1584 4035 Sybaris
1627 3959 1759 4041 jam
1812 3977 1979 4026 anno

402 4061 497 4131 V.
522 4061 599 4130 C.
616 4062 778 4134 243.
822 4078 1044 4125 eversa
1086 4077 1127 4124 0
1158 4056 1545 4125 crotoniatis
1584 4057 1720 4125 fuit.
1804 4059 1979 4145 Ergo

396 4161 597 4252 m
646 4160 828 4230 ubis
878 4162 1051 4228 numi
1106 4179 1357 4242 omnes,
1424 4159 1647 4226 saltem
1697 4161 1803 4249 qui
1842 4183 1981 4228 ma·

396 4263 636 4340 ὦπα
690 4263 1124 4353 ’901110111οω
1212 4284 1375 4351 opus
1438 4262 1740 4346 offerunt,
1835 4265 1984 4333 huic

2045 2609 2316 2694 illorum
2361 2647 2478 2691 usu
2550 2625 2720 2713 apud
2785 2625 3056 2690 animum
3121 2644 3372 2688 meum
3367 2621 3616 2699 sentim

2049 2728 2342 2796 oratioue
2409 2748 2666 2815 quoque
2736 2726 3120 2793 secuudum
3145 2727 3298 2792 artis
3369 2724 3617 2811 regulas

2046 2831 2382 2918 explicare.
2510 2828 2725 2894 Facile
2790 2830 2876 2911 is,
2947 2830 3055 2917 qui
3116 2825 3620 2915 contemplandis

2045 2934 2249 2998 numis
2333 2930 2648 3000 veteribus
2735 2931 2993 2998 multam
3075 2928 3382 3019 impendit
3468 2937 3618 3024 ⁰1³9*

2045 3057 2210 3116 ram,
2276 3055 2360 3100 ex
2422 3032 2850 3120 descriptione
2907 3033 3175 3121 ‘primum
3227 3034 3421 3099 totius
3477 3053 3616 3098 cor-

2047 3138 2257 3225 poris,
2309 3134 2557 3204 *deinde
2609 3136 2907 3223 partium,
2973 3157 3050 3202 ac
3099 3136 3431 3224 praecipue
3486 3135 3615 3202 vul·

2050 3248 2149 3323 tqs
2206 3237 2604 3304 lineamentis*
2651 3238 2888 3325 poterit
2952 3236 3033 3303 de
3083 3259 3304 3312 eornm
3354 3239 3618 3328 antiqui·
3663 3261 3667 3268 ·

2047 3351 2177 3408 tate
2194 3389 2214 3423 ‚
2280 3362 2355 3406 ac
2410 3342 2509 3406 cui
2564 3341 2689 3407 siut
2724 3340 3009 3438 epochae
3051 3340 3396 3425 inserendi,
3470 3362 3617 3432 pro·

2051 3444 2265 3512 babile
2296 3441 2603 3528 judicium
2645 3442 2826 3511 ferre.

2221 3543 2494 3634 Aliquos
2560 3556 2768 3614 tamen
2843 3545 3051 3614 adhuc
3122 3546 3355 3640 modos
3433 3491 3619 3637 hujus

2050 3649 2335 3738 epochae
2411 3648 2776 3720 artificibus
2863 3649 3197 3719 familiares
3282 3652 3618 3740 proferam.

2052 3752 2379 3833 Obserw,
2472 3745 2740 3841 capillos
2803 3755 3109 3840 coaptatis
3170 3754 3477 3842 globulis,
3552 3766 3619 3821 et

2051 3855 2145 3940 sic
2186 3877 2303 3943 per
2345 3854 2661 3923 filamenta
2701 3857 2767 3921 in
2811 3853 3114 3922 cervicem
3159 3856 3379 3923 defluis
3422 3855 3617 3922 fuisse

2048 3957 2373 4026 formatos.
2506 3958 2711 4045 Hujus
2783 3960 3029 4042 generis
3092 3958 3615 4043 elegantissimum

2048 4081 2238 4128 unum
2291 4062 2828 4143 Syracusanorum
2851 4058 3071 4154 ,habet
3125 4077 3404 4126 museum
3449 4061 3614 4128 ‘Cae-

2049 4185 2322 4244 sareum,
2394 4164 2597 4251 capite
2650 4162 2937 4229 muliebri
2989 4161 3071 4229 ad
3130 4162 3298 4231 hunc
3354 4163 3613 4231 modum

2049 4267 2306 4348 0111ιί10,
2373 4273 2438 4331 et
2488 4262 2688 4331 videri
2742 4275 3012 4352 possunt
3053 4265 3285 4334 similes
3331 4268 3613 4357 complu·

398 4379 561 4442 ant
602 4366 894 4458 09001100
946 4364 1329 4442 vindicandi.
1446 4364 1683 4435 Zancle
1725 4368 1977 4437 Siciliae
2042 4392 2144 4436 res
2220 4369 2404 4436 inter
2484 4368 2918 4450 Syracusanos
3002 4368 3304 4458 principis
3392 4373 3612 4439 Turris

394 4472 669 4546 m
709 4493 751 4540 a
791 4470 1134 4538 Messeniis
1177 4470 1707 4537 circaammmV.
1741 4471 1977 4544 c..273

396 4571 712 4646 nunna
789 4555 1057 4642 subinde
1132 4573 1345 4662 coepit
1416 4572 1723 4663 appellari
1736 4622 1756 4656 ,
1823 4596 1975 4663 ergo

2045 4470 2316 4538 Muciae.
2445 4469 2693 4538 Eodem
2778 4472 2974 4541 modo
3050 4471 3398 4540 formantur
3475 4474 3607 4562 pili,

2046 4575 2153 4664 qui
2218 4572 2453 4640 collum
2526 4574 2710 4643 bovis
2776 4579 2915 4644 cum
2978 4576 3138 4643 facie
3209 4575 3481 4644 humana
3542 4578 3608 4644 in
3691 4609 3700 4616 ·
