4450 5542
871 516 1109 572 cxmt
1178 565 1185 572 .
1214 591 1221 598 ·
1808 499 2193 572 PROLEG
2202 499 2551 596 OMENA
2605 497 3176 574 GENERALIA.

874 682 916 727 a
971 658 1358 742 Cyrenaica,
1447 668 1512 726 et
1550 661 1930 728 continuato
1987 663 2213 730 itinere
2265 655 2454 732 voca'·
2544 727 2551 736 ,
2692 663 2960 770 Epapho
2986 665 3072 729 H.
3161 659 3322 729 Inde
3362 656 3443 725 ab
3486 656 3857 728 Alexandro
3891 660 3942 728 1
3985 681 4085 728 us·

872 764 958 832 tis
1013 762 1085 828 in
1139 782 1404 829 examen
1446 764 1650 830 numis
1694 764 1949 846 Syriae,
2005 764 2199 832 Asiae
2251 766 2452 832 mino·
2522 784 2645 852 que
2718 763 2851 830 fere
2912 747 2998 830 a'd
3048 764 3224 831 initia
3282 759 3561 848 Philippi
3611 762 3694 828 11.
3770 762 4087 847 Amyntae
4137 763 4144 770 ’

874 864 998 947 ιί8,
1068 863 1375 931 Graeciae
1430 866 1763 954 propriae,
1831 864 2173 934 insularum
2228 866 2451 934 Archi·
2519 865 2665 948 filii,
2713 888 2874 953 quae
2917 865 3353 955 complectitur
3397 882 3600 932 annos
3642 864 3886 931 cii-<nter
3930 864 4000 932 C.
4129 855 4140 860 ’

762 977 765 980 ’
874 964 1114 1055 pelagi,
1187 974 1252 1034 et
1310 966 1778 1052 mediterranei,
1853 967 2122 1058 denique
2182 991 2447 1057 magnae
2689 970 2943 1053 Epochc'z
2970 970 3089 1037 III.
3175 959 3279 1034 Ab
3322 966 3514 1032 initiis
3557 965 3837 1055 Philippi
3862 965 3943 1033 11.
3984 969 4086 1036 us-

879 1059 1201 1136 Graeciae.
1291 1068 1529 1138 Verum
1575 1069 1922 1138 dolendum
1940 1120 1959 1154 ,
2014 1072 2217 1138 virum
2271 1093 2447 1159 prae·
2517 1090 2640 1158 que
2693 1071 2778 1137 ad
2842 1071 3051 1139 vicina
3111 1090 3367 1138 eversae
3423 1068 3816 1156 reipublicae
3856 1069 4084 1136 Roma-

794 1253 803 1258 ,
863 1177 1178 1258 stantem,
1244 1172 1354 1260 qui
1424 1194 1611 1240 unus
1641 1161 1774 1240 sive
1825 1183 2088 1261 propter
2138 1175 2450 1263 insignem
2516 1194 2636 1241 nae
2678 1183 2981 1263 tempora.

876 1273 971 1340 rei
1022 1272 1253 1340 veteris
1310 1274 1774 1372 numismaticae
1828 1297 2036 1358 usum,
2126 1278 2262 1344 sive
2314 1299 2449 1345 eru·
2690 1278 2945 1362 Epocha
2988 1279 3093 1343 IV.
3181 1274 3244 1341 A
3294 1283 3578 1362 tempore
3630 1273 3918 1341 exeuntis
3967 1273 4087 1342 rei·

860 1373 1139 1442 ⁴ditionis
1208 1395 1401 1465 opes,
1488 1377 1653 1459 sive,
1744 1399 1904 1465 quae
1975 1377 2099 1448 sibi
2170 1380 2450 1450 omnium
2514 1377 2810 1467 publicae
2852 1397 3052 1469 usque
3095 1377 3182 1445 ad
3225 1376 3634 1444 Hadrianum.

820 1477 1147 1580 “maxime
1198 1488 1453 1567 praesto
1507 1489 1683 1562 sunt,
1738 1479 2023 1548 subsidia
2077 1491 2142 1548 et
2191 1482 2449 1549 faculta-
2691 1485 2943 1567 Epoclm
2994 1485 3058 1547 V.
3173 1467 3279 1548 Ab
3337 1478 3681 1548 Antoninis
3745 1498 3946 1567 usque
4005 1477 4091 1547 ad
4199 1515 4206 1522 ,

878 1589 1007 1664 tes',
1063 1580 1388 1670 implendo
1442 1592 1620 1650 tanto
1666 1577 2014 1672 proposito
2070 1605 2186 1673 par
2225 1584 2447 1667 fuerat,
2519 1583 2894 1651 Gallienum.

877 1692 1287 1802 posteaquam
1351 1694 1593 1772 partem
1653 1707 1820 1769 cam,
1896 1707 2056 1775 quae
2127 1686 2208 1755 ad
2277 1696 2450 1753 vetu-
2688 1686 3045 1778 Antequam
3096 1683 3479 1788 singularum
3521 1681 3902 1772 epocharum
3943 1682 4090 1750 cha·

880 1784 1190 1866 stissimae
1242 1798 1533 1856 monetae
1572 1788 1871 1856 fabricam
1914 1790 2214 1878 pertinet,
2270 1811 2451 1878 prae·
2516 1793 2822 1857 racterem
2907 1789 3256 1880 cpnstituo,
3342 1785 3723 1854 monendum
3795 1787 4091 1869 omnino,

881 1887 1049 1956 clare
1088 1887 1527 1978 explicuisset,
1583 1892 1650 1957 in
1704 1892 1917 1960 medio
1979 1913 2161 1978 cursu
2221 1891 2453 1960 substi·
2517 1902 2888 1982 praecepta,
2978 1914 3139 1982 quae
3212 1887 3617 1967 dictabimus,
3699 1907 4095 2007 nequaquam

753 2053 759 2060 .
878 1992 1034 2059 tisse
1076 1991 1254 2060 nulla
1291 1992 1513 2064 relicta
1554 2014 1670 2083 spe
1711 1995 2021 2064 utilissimi
2046 1995 2233 2081 hujus
2276 2016 2453 2115 argu·
2523 1998 2658 2079 ejus
2701 2017 2843 2062 esse
2892 1987 3179 2078 naturae,
3247 1987 3320 2060 ut
3363 1993 3520 2059 citra
3560 1981 3812 2058 errandi
3850 1991 4094 2081 pericu-

746 2125 753 2132 -
880 2094 1076 2161 menti
1120 2094 1205 2162 ad
1248 2096 1487 2163 exitum
1530 2096 1931 2186 perducendi.
2003 2097 2160 2165 Non
2188 2107 2304 2191 88ι
2345 2100 2457 2165 mi·
2523 2096 2652 2164 lum
2709 2099 2881 2166 numi
2935 2119 3188 2165 omnes·
3177 2104 3416 2168 -certae
3468 2113 3621 2161 suae
3661 2093 3976 2211 epochae,
4035 2101 4098 2163 et

884 2197 954 2262 hi
1010 2198 1309 2282 animus,
1338 2208 1627 2289 coeptam
1679 2223 1716 2267 a
1771 2201 1912 2268 viro
1966 2223 2209 2268 summo
2267 2209 2455 2269 mate·
2523 2222 2658 2268 non
2700 2202 2917 2290 potius
2960 2202 3232 2282 vicinae,
3293 2198 3542 2287 possint
3582 2196 3807 2278 inseri,
3874 2206 3982 2264 aut
4028 2208 4099 2265 ιιι

882 2300 1039 2367 riam
1083 2300 1303 2369 eadem
1346 2301 1682 2390 ἀκριβωᾳ,
1726 2313 2030 2393 tantoque
2071 2325 2278 2372 rerum
2318 2325 2456 2388 ver·
2524 2323 2661 2372 non
2712 2302 3040 2372 interdum
3062 2307 3279 2390 justae
3327 2302 3456 2368 sint
3510 2298 3884 2370 dubitandi
3901 2301 4096 2368 ratio·

885 2401 1234 2492 horumque
1321 2409 1623 2492 apparatu
1708 2406 2120 2489 continuare,
2251 2426 2457 2494 neque
2522 2425 2691 2490 nes,
2737 2407 2836 2473 cui
2878 2406 3092 2494 potius
3146 2403 3431 2493 epochae
3468 2402 3574 2470 hic
3627 2402 3817 2470 illeve
3867 2423 4096 2476 numus

883 2502 1056 2571 istud
1092 2505 1461 2593 permittunt
1503 2506 1691 2586 fines,
1745 2528 1907 2594 quos
1950 2507 2264 2595 praesenti
2306 2529 2456 2596 ope·
2523 2508 2606 2574 sit
2675 2507 3064 2576 tribuendus.
3193 2506 3608 2602 Nequaquam
3673 2504 3894 2588 nobis,
3973 2526 4099 2573 no-

793 2593 802 2610 '
884 2606 944 2673 ri
993 2606 1273 2694 praefixi.
1392 2608 1686 2678 Tentabo
1740 2618 1949 2676 tamen
2006 2610 2323 2694 generalia
2373 2610 2457 2678 de
2525 2620 2815 2700 atraeque
2864 2609 3146 2679 facultati
3200 2617 3440 2675 tantum
3492 2607 3843 2675 tribuimus.
3961 2607 4097 2676 Ve-

888 2707 1152 2795 singulis
1198 2719 1554 2798 praecepta
1611 2709 1892 2802 tradere,
1983 2711 2208 2799 quibus
2284 2712 2456 2796 olim,
2523 2733 2661 2780 rum
2714 2714 2770 2779 si
2823 2713 3120 2784 scientiae
3182 2711 3566 2800 antiquariae
3615 2709 3899 2797 magistri
3949 2730 4098 2799 per·

889 2812 992 2880 cui
1054 2811 1201 2901 plus
1275 2813 1391 2879 otii
1454 2812 1670 2895 fuerit,
1756 2813 1842 2879 ad
1905 2814 2257 2903 pleniorem
2324 2818 2459 2901 ejus
2523 2837 2779 2916 mffisum
2823 2815 2946 2883 sibi
2988 2822 3243 2904 putant,
3301 2835 3386 2881 ex
3426 2812 3614 2880 variis
3656 2812 3906 2881 indiciis
3949 2812 4098 2884 lon-

887 2915 1335 2983 tractationem
1376 2915 1471 2983 uti
1508 2926 1884 3005 opportune
1925 2919 2176 3006 poterit.
2263 2917 2459 3006 Atqui
2523 2939 2608 3005 go
2676 2939 2794 2985 usu
2854 2940 2930 2985 ac
2993 2916 3401 2985 meditatione
3468 2917 3668 3004 captis
3730 2925 4098 3001 statuarum,

889 3016 1086 3085 multa
1144 3016 1228 3090 ad
1294 3029 1687 3107 praesentem
1752 3018 1963 3086 hano
1950 3033 2218 3087 causam
2271 3021 2458 3110 perti·
2526 3041 2789 3109 operum
2860 3020 3390 3139 anaglyphorum,
3478 3033 3857 3105 gemmarum
3926 3030 4098 3104 aeta·

890 3113 1105 3188 nentia
1146 3120 1449 3190 hactenus
1500 3122 1687 3190 variis
1741 3120 1902 3189 locis
1954 3119 2268 3210 prolixias
2313 3133 2461 3191 sunt
2523 3131 2676 3190 ι8ιιι
2693 3124 3008 3210 augurari,
3074 3141 3410 3210 possumus
3452 3128 3520 3185 et
3560 3139 3682 3186 nos
3721 3122 4101 3209 permissum

889 3223 1218 3311 exposita,
1277 3233 1438 3313 quae
1479 3228 1613 3311 jam
1664 3246 1925 3292 necesse
1967 3245 2101 3292 non
2143 3213 2290 3308 erit,
2344 3223 2457 3293 ite·
2524 3226 2714 3292 nobis
2757 3235 3007 3314 putare,
3067 3246 3176 3306 ea,
3242 3243 3401 3311 quae
3457 3221 3658 3309 longo
3711 3226 3805 3291 rei
3861 3229 4100 3314 numis-

889 3345 1028 3393 rum
1099 3346 1628 3409 commemorare,
1714 3338 1778 3397 et
1852 3304 2149 3417 deinceps
2223 3329 2460 3427 omissa
2522 3330 2782 3395 maticae
2847 3350 2965 3396 usu
3033 3324 3392 3406 didicimus,
3465 3325 3533 3391 in
3598 3333 3936 3416 proecepta‘
4000 3350 4100 3398 re-

860 3427 1261 3496 ‚brevitatem
1348 3430 1657 3513 orationi,
1782 3429 2165 3520 modumque
2251 3419 2459 3498 conci·
2528 3424 2772 3517 digere,
2825 3451 2902 3495 ac
2926 3432 3201 3514 xmsjore
3250 3426 3419 3496 istud
3469 3427 3540 3494 ῒιι
3579 3429 3799 3495 numia
3840 3430 4098 3519 fiducia,

738 3629 747 3634 ἰ
820 3559 835 3572 ,
889 3528 1153 3599 lubun
2528 3531 2677 3621 quia
2732 3530 2801 3595 hi
2852 3530 2983 3597 fere
3037 3551 3283 3618 semper
3344 3529 3732 3619 epigraphen
3767 3531 4098 3650 ‘adfer-unt,

1067 3629 1201 3711 Sed
1264 3631 1350 3700 ad
1413 3630 1832 3701 definiendam
1893 3642 2069 3702 reete
2128 3635 2460 3701 nuinorum
2526 3651 2640 3700 ex
2662 3636 2840 3720 cnjus
2893 3629 3029 3700 sive
3079 3631 3395 3699 literarum
3446 3630 3675 3709 forma,
3730 3634 3866 3703 sive
3922 3657 4098 3706 men·

884 3743 1172 3803 veterum
1244 3743 1506 3802 aetatem
1578 3743 1834 3824 oportet
1918 3733 2197 3825 epo‘cbas
2281 3757 2462 3824 quas·
2525 3736 2733 3817 tione,
2800 3753 2926 3823 qua
2987 3733 3055 3800 in
3119 3735 3411 3835 regione,
3480 3743 3610 3801 aut
3643 3735 3824 3803 urbe
3863 3738 4098 3827 signati

894 3817 1043 3905 dam
1096 3837 1508 3923 constituere,
1564 3839 1742 3906 intra
1795 3858 1950 3926 quas
2002 3839 2176 3906 numi
2231 3836 2462 3926 singuli
2527 3838 2684 3921 sint,
2761 3836 2992 3904 eximia
3055 3858 3246 3925 saepe
3306 3847 3575 3925 possunt
3634 3840 3889 3926 auguria
3947 3845 4096 3933 capi

778 3993 785 4000 .
868 3940 1216 4022 „verisimili
1271 3939 1539 4030 quadam
1590 3941 1837 4011 ratione
1880 3940 2148 4030 possint
2202 3941 2459 4008 conclu·
2527 3940 2612 4010 ad
2644 3887 3100 4010 d-efiniendam
3117 3939 3346 4008 certius
3390 3959 3608 4007 eorum
3649 3950 3932 4011 aetatem.

760 4521 767 4534 ,
816 4525 823 4529 ,
895 4427 1205 4522 xandrum
1253 4452 1304 4518 1.
1357 4452 1781 4522 Macedoniae
1829 4475 2058 4543 regem.
2162 4455 2460 4525 Mortuus

897 4041 983 4110 di.
1067 4044 1196 4114 Eas
1251 4065 1336 4111 ex
1377 4044 1613 4130 causis,
1667 4063 1825 4133 quas
1875 4043 2194 4127 dabimus,
2249 4043 2459 4112 statui·

896 4165 1035 4213 mus
1075 4157 1438 4235 sequentes:
2048 4181 2057 4188 -
3040 4145 3453 4213 EPOGHA
3518 4146 3573 4213 1.

1067 4249 1317 4332 Epoeha
1356 4252 1410 4315 1.
1524 4240 1683 4316 Eam
1734 4272 1776 4317 a
1824 4250 2043 4339 primis
2096 4252 2191 4319 rei
2244 4261 2458 4319 mone·

898 4346 1091 4415 me
1140 4348 1534 4419 {amabam
1590 4371 1852 4440 pomgo
1917 4375 2118 4444 mque
2172 4354 2256 4422 ad
2297 4349 2460 4422 Διὸ..
2569 4303 2629 4370 Α
2664 4306 2881 4386 prunis
2930 4304 3026 4367 rei
3061 4299 3417 4366 monam-iao
3457 4298 3827 4368 mnabulu
3859 4322 4050 4390 sasque

2537 4435 2552 4450 .
2651 4403 3263 4506 adAleaemdrumI.
3308 4393 3955 4492 Mammam-egem.

893 4550 1803 4627 isoetcireitervmcsm
2218 4599 2223 4605 -
2729 4551 3537 4642 Ejuscharacteressunu
4027 4525 4040 4538 ’
