4450 5542
748 520 1027 635 ,j220

859 792 1058 877 bant,
1147 784 1235 861 ad
1271 815 1343 861 se
1384 795 1616 863 accitos
1661 799 1885 866 Samiis
1929 802 2208 885 immisit,
2301 805 2433 891 qui·

790 952 794 956 ,
877 895 997 962 bus
1063 894 1130 960 hi
1199 898 1460 965 exactis
1512 899 1787 967 Zanclen
1856 911 2146 987 tenuere,
2236 928 2433 995 eaque

874 996 1168 1086 deinceps
1219 1000 1495 1067 Messene
1548 1002 1922 1089 appellata
1904 1027 2040 1094 ipse
2085 1029 2152 1073 se
2195 1008 2431 1074 Anaxi·

803 1138 812 1147 ·
868 1098 1008 1166 laus
1049 1099 1278 1185 Rhegii
1320 1109 1384 1166 et
1425 1099 1756 1169 Messenes
1797 1114 2129 1187 tyrannum
2173 1109 2430 1177 ferebat.

2131 539 2184 609 S
2237 544 2268 612 1
2323 540 2383 615 C
2435 546 2467 615 1
2519 540 2579 615 L
2632 546 2662 616 1
2718 548 2799 617 Α.

731 718 750 727 -
874 692 1018 779 vagi
1094 690 1497 781 palantesque
1577 694 1776 762 novas
1863 697 2046 765 sedes
2128 703 2435 799 quaerite·
2501 714 2627 773 tam
2650 707 2728 791 ο).
2818 708 3029 775 Altior
3071 711 3277 796 igitur,
3320 720 3392 777 ut
3423 713 3555 796 jam
3598 732 3789 799 supra
3829 712 4065 800 proba-

2497 805 2713 886 vimus,
2757 806 2856 875 his
2900 811 3101 877 numis
3145 821 3315 877 aetas
3360 810 3715 895 deserenda.
3800 818 3809 823 ’

2670 910 2773 975 De
2816 911 3126 978 elemento
3170 916 3238 979 D
3278 913 3513 999 egimus
3535 914 3622 979 ιιι
3666 913 4064 1021 prolegome·
4158 978 4169 983 -

2498 1010 2597 1078 nis
2642 1011 2721 1077 ad
2768 1013 3067 1082 Siciliam.

2670 1114 2892 1202 Typus
2947 1114 3250 1203 Delphini
3318 1116 3537 1183 urbem
3600 1127 3769 1184 certe
3828 1114 4059 1193 mariti-
4152 1128 4167 1134 ’

871 1203 1050 1269 Haec
1113 1202 1276 1267 facta
1343 1204 1623 1289 oportuit
1675 1204 1887 1292 aliquo
1948 1220 2232 1298 tempore
2283 1211 2435 1279 inde
2498 1233 2660 1279 mam
2723 1226 2955 1282 notat.
3045 1218 3287 1285 Aversa
3345 1219 3584 1306 antiqui
3642 1220 3794 1285 item
3849 1221 4065 1306 operis

870 1303 950 1370 ab
997 1324 1164 1370 anuo
1208 1299 1287 1367 V.
1333 1303 1403 1369 C.
1448 1309 1620 1373 273
1637 1327 1836 1396 usque
1869 1316 2055 1392 278.,
2103 1335 2232 1401 quo
2264 1336 2429 1380 anno

753 1432 760 1438 ’
871 1406 1217 1473 Anaxilaus
1306 1406 1471 1472 diem
1545 1408 1703 1474 obiit
1773 1412 2113 1480 secundum
2185 1415 2433 1483 Diodo-

667 1561 672 1569 .
739 1572 758 1581 ,
866 1504 1390 1589 rum¹).1·1aee
1441 1520 1608 1577 certa
1674 1523 1864 1580 sunt
1891 1537 1974 1581 ex
2029 1517 2257 1600 Thucy
2260 1519 2428 1600 dide,

869 1622 933 1681 et
983 1610 1279 1677 Diodoro
1336 1610 1567 1694 citatis,
1663 1623 1792 1680 tum
1847 1627 1911 1682 et
1965 1617 2305 1688 Herodoto
2350 1623 2426 1708 ¹.)

866 1713 957 1782 At
998 1713 1350 1795 Pausaniae,
1394 1713 1502 1800 qui
1546 1725 1784 1817 captam
1831 1740 1868 1784 a
1883 1719 2246 1789 Messeniis
2269 1724 2428 1801 Zan-

869 1816 1056 1899 clen,
1094 1827 1158 1883 et
1197 1810 1646 1884 succedentem
1675 1819 1744 1884 in
1785 1821 1919 1929 ejus
1950 1821 2160 1888 locum
2181 1824 2451 1892 Messe·-

659 1908 688 1965 “-
771 1934 784 1940 ·
870 1940 985 1989 nes
1030 1918 1516 2007 appellationem
1558 1919 1698 1986 fuse
1750 1900 2162 2010 persequitur
2169 1926 2253 2007 ¹¹),
2339 1928 2428 1994 fa·

767 2014 776 2027 ’
868 2032 1034 2088 ctum
1063 2019 1134 2088 id
1172 2020 1363 2087 refert
1402 2020 1800 2109 Olympiade
1813 2024 2060 2095 XXIX.
2093 2050 2207 2103 seu
2243 2029 2323 2095 V.
2358 2030 2427 2097 G.

864 2128 1003 2209 89„
1074 2144 1254 2212 quaev
1288 2123 1651 2210 anticipatio
1707 2126 1897 2193 nimia
1956 2139 2082 2212 est,
2155 2140 2219 2197 ot
2261 2132 2429 2219 prio·

862 2248 1001 2294 rum
1044 2236 1209 2293 certe
1239 2224 1485 2312 judicio
1519 2226 1837 2294 standum.
1896 2230 2092 2297 ‘Vnde
2129 2234 2429 2320 sequitur,

703 2326 713 2343 '
771 2301 775 2304 Α
841 2318 1086 2397 ‘numos
1151 2327 1490 2414 inscriptos
1540 2330 1931 2398 DANKLE
1975 2335 2222 2419 ’signari
2256 2366 2265 2371 Α
2300 2356 2432 2415 non

861 2433 1145 2520 potuisse
1186 2424 1336 2518 post
1376 2448 1605 2497 annum
1649 2432 1727 2496 V.
1768 2433 1834 2503 C.
1872 2439 2059 2513 276„
2106 2429 2234 2523 qu'o
2278 2447 2428 2503 tem·

793 2604 806 2609 ,
859 2552 1024 2621 pore
1077 2532 1205 2598 hoc
1255 2552 1489 2598 nomen
1545 2534 1928 2621 antiquatum
1992 2536 2114 2602 fuit
2173 2512 2429 2633 inducta

849 2634 1195 2702 Messenes
1235 2633 1675 2721 appellatione.

2497 1317 2723 1404 partim
2781 1319 3117 1434 οιιειιιιιιιε,
3205 1318 3430 1408 partim
3493 1321 3831 1388 introrsum
3884 1321 4059 1389 hian-

2498 1418 2614 1498 tis,
2684 1440 2797 1484 ceu
2841 1421 2908 1485 in
2951 1422 3156 1487 numis
3211 1421 3544 1502 Caulonis,
3618 1432 3683 1488 et
3741 1423 4059 1501 Crotonis,

2498 1521 2911 1638 pen-areolas
2966 1534 3317 1611 portasque
3364 1522 3583 1591 rudem
3633 1523 3905 1613 aliquam
3938 1544 4081 1593 .ιιι·--

2497 1620 2595 1687 bis
2638 1622 2836 1708 ipsius
2879 1627 3149 1711 speciem
3191 1625 3439 1695 videtur
3482 1627 3811 1775 oineere.

2668 1724 2805 1791 AR.
2850 1724 2988 1792 Ra.

2838 1829 3142 1897 ·Nomin0
3179 1828 3681 1897 MESSANAE.

2556 1974 2565 1987 .
2666 1925 3046 2014 Messeniis,
3107 1938 3179 1998 ut
3228 1930 3530 2012 diximus,
3600 1952 3683 1997 ex
3740 1929 4057 2023 Pelopon·

2497 2046 2656 2093 neso
2702 2030 2866 2097 circa
2910 2054 3139 2098 annum
3166 2030 3251 2099 V.
3287 2033 3359 2099 C.
3382 2037 3529 2103 276.
3572 2032 3697 2098 hue
3737 2024 4069 2112 traducitis·

2497 2150 2618 2216 pro
2678 2130 2910 2200 Zancle
2963 2136 3252 2202 Messana
3318 2155 3401 2199 ex
3464 2135 3673 2225 patrio
3738 2130 4059 2221 Μεσσήνη

2500 2231 2652 2297 urbs
2697 2231 2823 2298 dici
2866 2237 3097 2324 coepit.
3174 2235 3340 2301 Sunt
3381 2245 3444 2300 et
3483 2234 3612 2301 hoe
3652 2235 3909 2301 nomine
3948 2253 4058 2300 uu·
4100 2310 4105 2311 ff

2500 2334 2585 2397 mi
2627 2336 3078 2423 antiquissimi,
3129 2345 3207 2401 et
3258 2338 3429 2426 typis
3482 2334 3759 2423 eximiis,
3827 2334 4059 2422 dignis·

2499 2454 2683 2523 que,
2698 2438 2957 2524 quibus
2968 2440 3382 2508 immoremur.

2669 2542 2865 2623 caput
2905 2544 3089 2607 hona:
3130 2541 3463 2619 merm-

2494 2638 3028 2719 MESSENION.
3172 2647 3366 2728 Capu
3444 2643 3617 2710 vituli
3690 2647 4063 2730 descrere&
4124 2651 4129 2654 ’

933 2770 950 2780 -
1037 2736 1234 2803 Secus
1318 2736 1519 2802 visum
1607 2734 1982 2821 Pellerinio,
2085 2695 2199 2807 ‘cui
2287 2762 2426 2808 cum
2492 2758 2741 2809 versum.
2785 2743 2925 2809 AR.
2970 2744 3051 2815 11.
3096 2744 3307 2823 (Mus.
3348 2743 3562 2829 Caes.)

864 2848 1098 2907 certum
1224 2826 1548 2904 videretur
1660 2840 2031 2908 elementum
2159 2834 2425 2931 primum

861 2942 926 3008 D
997 2962 1139 3007 esse
1201 2941 1467 3021 Oscum,
1563 2937 1708 3008 vel
1723 2942 2126 3035 Etruscum,
2188 2955 2424 3013 certum

2662 2844 3027 2930 Argumenti
3071 2838 3257 2912 causa
3285 2811 3667 2935 jungendus
3687 2843 3878 2912 alter:
3914 2844 3919 2847 ⁴

2661 2950 2863 3032 Caput
2886 2954 3092 3017 λεοπιὶι
3130 2951 3455 3018 obversum

863 3042 1048 3112 etiam
1109 3042 1310 3109 visum
1371 3053 1496 3124 est,
1581 3043 1706 3110 hos
1763 3064 1987 3113 numos
2039 3047 2319 3134 signatos
2386 3071 2425 3115 a
2488 3048 2616 3113 RF
2613 3051 2832 3117 GION
2937 3052 3132 3136 (Σάμια
3169 3054 3347 3117 vituli
3385 3056 3756 3145 darm
3802 3067 4054 3116 verm

862 3142 1257 3214 Mamertinis
1301 3166 1529 3232 genere
1572 3146 1923 3233 Campanis,
2003 3171 2085 3215 ex
2129 3171 2257 3237 quo
2301 3151 2426 3218 sibi
2490 3148 2629 3219 AR.
2671 3148 2757 3216 11.-
2800 3152 3001 3231 (Mus.
3049 3154 3258 3228 Caes.)

864 3247 1231 3315 Messanam
1291 3268 1405 3337 per
1453 3246 1580 3314 vim
1630 3247 1960 3335 subjecere
1992 3257 2062 3326 ⁶.)
2164 3251 2426 3319 Factum
2668 3251 2904 3320 Prioris
3002 3254 3175 3320 numi
3268 3250 3726 3319 remotissimos
3812 3248 4051 3317 natales

861 3349 1068 3433 istud,
1153 3359 1226 3426 ut,
1275 3348 1437 3415 infra
1488 3350 1555 3416 in
1609 3349 2028 3418 Mamertinis
2055 3352 2429 3437 videbimus,
2499 3348 2710 3419 omnia
2775 3354 3208 3444 comprobant.
3308 3358 3373 3421 S
3427 3362 3610 3422 vetus
3670 3349 4049 3436 Pelagium

867 3454 1032 3537 circa
1075 3457 1301 3519 annum
1335 3452 1418 3517 V.
1451 3453 1521 3518 C.
1551 3457 1704 3523 475.
1743 3452 1871 3518 Vix
1913 3458 2292 3541 persuaserit
2334 3448 2431 3523 vir
2497 3455 2780 3521 nondum
2821 3458 2884 3523 in
2931 3454 3015 3522 Σ
3049 3464 3367 3523 novatum.
3440 3454 3506 3521 E
3540 3464 3607 3522 et
3652 3452 3735 3535 Ο,
3774 3450 4055 3520 nondum
4084 3538 4101 3555 .
4180 3522 4189 3527 -

865 3554 1178 3633 eruditus,
1267 3553 1386 3619 hac
1439 3562 1671 3638 aetate,
1760 3576 1882 3642 qua
1923 3565 2086 3622 artes
2131 3555 2425 3625 liberales
2494 3563 2624 3621 tum
2664 3558 2959 3645 repertis,
2998 3569 3142 3625 ant
3181 3557 3403 3623 saltem
3424 3555 3729 3627 nondum
3771 3556 3841 3623 in
3880 3575 4055 3623 usum
4180 3578 4191 3581 ·

869 3656 956 3725 ad
997 3672 1301 3722 summum
1355 3654 1594 3743 apicem
1650 3666 1900 3723 evectae
1952 3655 2154 3741 fuere,
2241 3659 2428 3747 huJus
2494 3658 2765 3725 inductis
2818 3660 2923 3725 H
2943 3667 3007 3724 et
3047 3660 3150 3738 Ω,
3214 3667 3288 3724 et
3328 3657 3611 3725 nondum
3653 3658 3919 3726 nomine
3950 3676 4079 3729 ιιι-ι

868 3744 1077 3827 adfluo
1123 3756 1366 3824 formae
1417 3772 1644 3823 numos·
1691 3759 1998 3843 signatos,
2096 3768 2162 3827 et
2217 3762 2425 3828 verisi·
2498 3761 2629 3826 tivo
2686 3764 2773 3827 M
2773 3782 3012 3842 εσσενε
3100 3759 3204 3830 vel
3265 3762 3580 3841 Μεσσηνη
3630 3761 3700 3827 in
3751 3758 4054 3829 Dorium

867 3860 1026 3930 mile
1060 3870 1204 3943 est,
1275 3860 1427 3927 inde
1479 3859 1557 3927 ab
1612 3858 1731 3925 hac
1771 3859 2292 3928 Mamertinorum
2335 3865 2429 3930 in·
2496 3863 2819 3928 Μεσσαιία
2871 3862 3105 3928 flexo
3149 3861 3254 3928 Ad
3305 3854 3611 3950 praeclari
3656 3856 3887 3947 huj-us
3887 3860 4057 3929 numi

865 3966 1127 4049 vasione
1168 3982 1250 4028 ue
1294 3961 1543 4051 quidem
1582 3940 1919 4039 Messanae
1962 3964 2251 4043 nomine,
2320 3988 2429 4032 ne·
2496 3946 2760 4030 aetatem
2810 3961 3147 4030 eruendam
3210 3964 3515 4050 conjunxi
3565 3983 3820 4031 numam
3872 3961 4058 4031 alium

870 4066 1017 4137 dum
1090 4063 1388 4142 Zancl'es,
1457 4052 1741 4152 amplius
1829 4064 2108 4150 signatos
2177 4087 2425 4148 numos,
2498 4064 2725 4150 Rhegii
2767 4063 2831 4130 ιιι
2875 4066 3134 4133 Bruttiis
3176 4086 3216 4131 e
3256 4066 3517 4152 regione
3558 4064 3902 4133 Messanae
3912 4082 4057 4152 po·

869 4163 1042 4236 cum*
1080 4190 1163 4235 ex
1230 4165 1527 4234 Diodoro
1593 4174 1873 4244 constet,
1963 4164 2353 4234 Messanam*
2391 4188 2429 4235 a
2496 4166 2629 4248 siti,
2688 4166 2864 4237 solo
2917 4167 3082 4234 freto
3139 4178 3461 4255 utramque
3501 4164 3722 4235 urbem
3764 4164 4056 4233 dirimen-

867 4267 1261 4356 Mamert'inis
1357 4268 1653 4357 deinceps
1736 4269 2170 4336 Mamertinam
2244 4292 2430 4336 voca
2494 4280 2575 4334 te.
2706 4268 2981 4337 Posses
3007 4279 3351 4379 utrumque
3394 4288 3646 4337 numum
3702 4267 3779 4385 in
3837 4263 4059 4335 eadem

1007 4500 1058 4561 ι)
1092 4500 1150 4554 1..
1183 4494 1471 4555 x1.e.43.

1008 4585 1090 4659 d)
1107 4587 1283 4653 Eelo‘·
1318 4607 1365 4654 p.
1400 4605 1469 4667 ιιι.
1503 4579 1622 4646 493.

1605 4501 1762 4570 ..)1.
1794 4486 1875 4556 ‘vr
1913 4500 2065 4610 522.
2100 4525 2207 4574 aq.
2265 4505 2272 4515 ·
2346 4502 2411 4571 ι»)
2450 4505 2506 4555 ι..
2542 4505 2631 4557 1v.·
2664 4525 2709 4559 ο.
2746 4480 2967 4575 iss-324
3102 4504 3166 4569 s)
3199 4506 3319 4559 aa.
3355 4501 3418 4556 Τ.
3452 4504 3537 4558 ιιι.
3572 4522 3633 4573 p.
3662 4505 3785 4581 193-
