4450 5542
610 1427 622 1448 ’
700 1505 711 1526 .
807 1471 985 1546 neta,
1091 1462 1293 1551 qualis

606 1761 611 1768 ’
678 1819 699 1836 κ,
744 1861 755 1866 β
808 1773 1211 1843 tractavimus
1256 1794 1450 1860 supra
1498 1794 1637 1861 cap.
1694 1774 1807 1840 VI.

798 491 1066 551 1.me

1717 455 2494 592 ΡιιοιΕεοΜΕιῆιᾼι
2537 419 3111 552 (ιΕΝΕιιΑιιΑ.

1720 695 1737 762 -·
1820 707 1938 860 ιι
2013 708 2099 816 Α
2164 707 2245 813 Ρ
2320 708 2418 815 v
2482 708 2588 872 'r
2709 633 3070 831 xva

1324 930 1448 1005 De
1502 933 1757 1010 valore·
1794 948 2149 1014 monetae
2198 946 2591 1039 externae-3
2625 948 2731 1042 'et
2783 934 3073 1014 mortui
3101 933 3478 1036 prmo-ipis.

634 1179 641 1188 ·
730 1197 737 1204 ι
805 1126 990 1221 Non
1034 1149 1271 1241 agimus
1312 1148 1444 1218 hoc
1486 1152 1757 1226 articulo
1797 1156 1878 1223 de
1916 1166 2176 1262 moneta
2218 1177 2377 1224 non·

808 1257 1126 1328 nullorum
1195 1255 1576 1344 populorum
1648 1258 1890 1345 privata
1909 1306 1928 1340 ,
2020 1281 2181 1348 quae
2245 1283 2377 1328 mo-

807 1369 990 1431 netae
1046 1359 1254 1446 imago
1309 1359 1522 1448 potius
1575 1359 1721 1442 fuit,
1790 1384 1975 1451 quam
2042 1385 2191 1429 vera
2246 1355 2378 1429 mo'·

1356 1462 1505 1529 -fuit
1596 1463 1803 1534 ferrea
1890 1467 2379 1553 Spartanorum,

810 1574 1061 1638 scortea
1132 1564 1731 1652 Carthaginiensium
1750 1615 1770 1650 ,
1814 1576 2119 1660 ‘stannea
2189 1571 2381 1654 Syra-

812 1690 1218 1751 cusanorum,
1244 1693 1255 1698 ·
1283 1668 1483 1736 aliave
1536 1669 1795 1738 alterius
1840 1672 2167 1755 materiae,
2206 1695 2380 1764 *quas

1942 1776 2033 1842 Hi
2093 1776 2383 1843 nimirum

810 1876 1011 1959 numi,
1057 1898 1197 1943 cum
1239 1897 1370 1974 non
1415 1890 1626 1945 essent
1668 1881 1823 1962 ejus
1847 1879 2195 1961 materiae,
2223 1900 2384 1967 quae

811 2000 895 2047 ex
948 1980 1264 2046 communi
1324 1969 1440 2047 usu
1504 1979 1587 2046 ad
1639 1978 2009 2067 signandam
2068 1991 2383 2050 monetam

810 2080 1036 2166 valuit,
1111 2081 1375 2170 pretium
1430 2069 1751 2152 habebant
1803 2084 2056 2174 quidem
2109 2107 2148 2151 a
2201 2107 2384 2173 repu-

813 2286 1010 2357 scribi
1062 2289 1284 2379 populi
1339 2291 1560 2372 vicini,
1648 2290 1957 2380 liberique
2018 2283 2195 2380 passi
2252 2311 2388 2358 non

813 2401 977 2459 sunt.
1107 2392 1370 2479 Agimus
1423 2414 1575 2480 ergo
1628 2392 1759 2459 hoc
1808 2393 1959 2461 loco
2012 2402 2251 2463 tantum
2301 2393 2387 2459 ¹de

813 2503 1071 2562 moneta
1123 2495 1388 2583 triplicis
1404 2546 1420 2579 ,
1496 2496 1828 2584 usitatique
1898 2495 2179 2579 metalli,

726 2607 735 2612 ’
814 2598 1081 2685 argenti,
1129 2598 1314 2670 aeris.

988 2701 1295 2768 Monetae
1347 2702 1646 2768 externae
1696 2702 1950 2769 aliunde
2013 2687 2392 2794 quocunque

817 2787 1014 2872 modo
1070 2804 1354 2872 invectae
1410 2806 1616 2872 varius
1668 2804 1786 2871 fuit
1837 2805 2005 2873 usus.
2091 2805 2222 2874 Aut
2273 2806 2392 2876 fuit

816 2908 1040 2975 mercis
1094 2906 1280 3000 loco,
1343 2929 1466 2996 qua
1521 2906 1895 2994 conditione
1940 2909 2117 2977 fuere
2169 2911 2390 2977 Victo·

818 3011 957 3080 riati
1001 3034 1081 3094 ex
1126 3010 1390 3093 Illyrico
1438 3012 1705 3098 Romam
1760 3012 2006 3080 advecti
2060 3022 2220 3080 teste
2241 3013 2385 3088 „Pli-

658 3067 665 3077 ·
743 3105 747 3111 ⁵
817 3115 1039 3202 nio'),
1095 3124 1283 3204 atque
1314 3117 1519 3200 etiam
1577 3115 1855 3204 Philippi
1907 3116 2107 3199 aurei,
2164 3138 2203 3182 a
2244 3114 2388 3182 Phi-

814 3216 994 3308 lippo
1040 3217 1403 3316 Macedone
1460 3220 1554 3285 sic
1599 3218 1787 3299 dicti,
1849 3219 2185 3307 praecipue
2236 3229 2387 3302 tum,

818 3343 959 3388 cum
1014 3331 1305 3389 monetae
1359 3343 1583 3390 aureae
1627 3344 1775 3390 usus
1820 3319 2103 3398 noudum
2145 3321 2392 3390 Romae

728 3415 759 3507 ’,
817 3420 1045 3505 vnket,
1106 3444 1391 3520 quorum
1428 3426 1591 3493 adeo
1647 3435 1883 3492 tantum
1932 3424 2049 3492 fuit
2098 3425 2387 3512 pretium,

820 3535 1117 3615 quantum
1168 3527 1465 3595 valebant
1507 3527 1875 3616 pondere.
1928 3526 2120 3594 Adde
2172 3528 2387 3612 ingen-

818 3637 946 3697 tem
997 3629 1122 3698 vim
1186 3650 1516 3700 munorum
1575 3599 1975 3713 oscensium,
2048 3628 2388 3747 Cistophoe

816 3747 989 3851 rum,
1050 3703 1440 3852 aliorumque
1504 3744 1794 3804 monetae
1856 3733 2221 3821 peregrinae
2284 3754 2389 3800 va·

818 3836 898 3903 rii
947 3836 1252 3919 nominiS,
1344 3856 1527 3925 quam
1589 3833 1704 3926 per
1756 3835 1951 3904 bella
1987 3844 2246 3901 externa
2307 3856 2388 3900 ex

663 4037 675 4046 ι
801 3938 1070 4010 'hostico
1137 3950 1380 4030 captam
1447 3939 1721 4030 praedae
1784 3939 2038 4010 nomine
2091 3938 2390 4025 importa-

820 4053 946 4112 tam
1002 4043 1219 4113 multis
1284 4037 1446 4112 locis
1506 4044 1842 4112 meminere
1908 4041 2179 4109 Livius
2144 4089 2164 4122 ,
2255 4039 2410 4107 alii:

821 4167 974 4235 que,
1037 4145 1304 4216 subinde
1364 4147 1433 4215 in
1475 4157 1790 4214 monetam
1833 4147 2097 4237 patriam
2137 4127 2390 4214 fusione

820 4249 1340 4334 transformatam.
1434 4249 1674 4317 Mercis
1725 4251 1913 4318 etiam
1966 4245 2224 4317 modum
2279 4248 2388 4314 ha-

742 4417 763 4440 „
821 4350 969 4420 buit
1000 4372 1215 4419 aurum
1255 4354 1330 4421 L.
1375 4351 1626 4442 talentis
1683 4353 1926 4440 argenti
1978 4351 2385 4433 aestimatum,

953 4529 1106 4639 m.
1147 4573 1388 4626 xxxm.
1426 4569 1459 4642 §
1503 4577 1581 4627 13.

2447 1177 2579 1245 quo
2611 1155 3004 1224 Tithraustes
3050 1153 3244 1221 Persa
3287 1156 3569 1243 corrupit
3609 1155 3798 1227 urbes
3831 1157 4021 1224 Grae·

2447 1279 2586 1343 cas,
2646 1268 2715 1326 ut
2760 1258 3118 1348 Agesilaum
3173 1257 3454 1325 ex.Asia
3505 1262 4023 1342 summoveret⁸).

2446 1365 2580 1428 Aut
2631 1362 2827 1452 valuit
2852 1370 3132 1430 moneta
3183 1358 3448 1429 externa
3465 1409 3484 1444 ,

2447 1463 2593 1531 soro
2646 1486 2855 1533 rerum
2911 1465 3252 1540 venalium,
3282 1485 3432 1533 usus
3489 1486 3624 1532 non
3682 1473 3880 1548 esset,
3941 1462 4048 1531 ad-
4073 1543 4090 1550 ⁹

2447 1567 2792 1636 faciliorem
2879 1569 3238 1635 commercii
3317 1590 3498 1634 usum
3564 1590 3705 1634 cum
3768 1565 4025 1660 populis

2448 1672 2710 1753 exteris,
2797 1682 2905 1739 aut
2970 1673 3037 1737 in
3109 1665 3449 1759 stipendia
3501 1670 3794 1754 militum,
3883 1693 4025 1739 cum

2448 1773 2624 1842 foris-
2662 1775 2898 1843 bellum
2951 1773 3293 1862 gerendum
3337 1773 3491 1857 fuit,
3547 1784 3670 1842 'aut
3733 1775 3791 1842 si
3850 1796 4019 1850 com·

2448 1889 2721 1964 meatus,
2807 1876 3007 1946 aliave
3059 1875 3262 1958 vitae,
3351 1882 3458 1950 aut
3522 1869 3674 1944 belli
3739 1877 4025 1945 subsidia

2452 1981 2609 2048 foris
2666 1981 3036 2069 quaerenda
3075 1980 3298 2047 fuere.
3357 1978 3516 2046 Non
3569 2000 3720 2065 ergo
3773 1980 4025 2065 mirum,

2452 2077 2975 2166 Atlieuiensibus,
3062 2083 3180 2150 etsi
3231 2099 3444 2149 aurum
3491 2082 3706 2172 apud
3720 2105 3836 2150 eos
3889 2105 4027 2151 non
4143 2075 4150 2080 ’

812 2183 981 2253 blica
1032 2186 1514 2305 praescriptum,
1601 2185 1716 2254 sed
1779 2187 1957 2275 quod
2019 2187 2144 2254 sibi
2205 2209 2384 2276 prae·
2435 2186 2674 2255 suisset
2757 2187 3098 2275 signatum,
3187 2195 3460 2273 praesto
3518 2207 3764 2274 semper
3831 2184 4028 2254 fuisse
4139 2257 4150 2266 ,

2455 2285 2682 2357 aureos
2744 2300 3008 2358 stateres
3073 2289 3371 2368 Daricos,
3423 2288 3816 2370 ‚cyzicenos
3877 2298 4026 2372 etc„

2435 2413 2725 2483 -quorum
2778 2415 2967 2482 saepe
3018 2389 3402 2460 mentionem
3455 2390 3604 2460 facit
3647 2391 4023 2460 Demosthe·

2232 2497 2386 2578 auri,
2434 2518 2602 2580 mes,
2668 2495 2929 2585 aliique,
3000 2496 3230 2584 quique
3283 2517 3330 2564 a
3384 2494 3702 2582 trapezitis
3757 2492 4050 2584 poti-fa:

2456 2598 2577 2665 oile
2621 2609 2941 2687 poterant.
3031 2597 3186 2664 Nou
3229 2598 3412 2665 etiam
3467 2599 3720 2680 mirum,
3785 2621 3826 2665 a
3879 2598 4024 2664 Per·

2456 2703 2545 2768 sis
2592 2703 2866 2789 Graecas
2922 2703 3203 2770 civitates
3259 2722 3448 2787 saepe
3500 2700 3740 2767 oblatis
3774 2699 4022 2770 Derieis
4091 2727 4102 2734 ·

2456 2802 2582 2890 legi
2625 2816 2984 2894 corruptas,
3025 2815 3136 2872 aut
3179 2825 3492 2883 corrasos-
3515 2803 3710 2870 fuisse
3753 2826 3796 2870 a
3833 2804 4026 2894 Spar-

2441 2908 2649 2990 tanis,
2713 2918 2782 2976 ut
2835 2910 2899 2975 in
2952 2903 3178 2976 horum
3231 2916 3483 2975 moneta
3527 2906 3837 2989 dicemus,
3892 2927 4028 2972 om-

2458 3011 2560 3078 nis
2635 3013 2959 3080 commatis
3024 3034 3250 3082 numos
3322 3033 3581 3092 aure08,
3667 3018 4027 3097 argenteos-

2459 3135 2614 3206 que,
2671 3115 2899 3204 quibus
2942 3116 3063 3183 etsi
3107 3114 3282 3182 domi
3324 3113 3414 3180 uti
3455 3135 3588 3190 non
3629 3110 3872 3194 liceret,
3934 3123 4025 3178 ta-

2457 3233 2635 3300 men,
2709 3240 2809 3285 ex
2873 3240 3000 3307 quo
3057 3218 3360 3286 Graeciae
3424 3215 3838 3332 principatum
3897 3235 4026 3280 am·

2458 3320 2699 3400 bivere,
2759 3320 2842 3387 ad
2893 3317 3047 3388 belli
3105 3327 3437 3407 apparatus
3482 3316 3870 3385 necessarios
3885 3365 3904 3398 ,
3959 3327 4030 3382 et

2458 3422 2897 3510 expeditiones
2984 3421 3209 3510 procul
3296 3443 3335 3487 a
3414 3421 3615 3508 patria
3699 3427 4026 3507 susceptas

2457 3547 2619 3613 opus
2671 3524 2806 3591 fuit.
2915 3525 3228 3591 Fecerunt
3280 3522 3401 3589 hae
3476 3543 3731 3605 causae,
3787 3529 3862 3588 ut
3911 3543 4025 3588 nu·

2454 3629 2592 3695 mus
2679 3618 2947 3716 hospes,
3010 3626 3369 3715 praecipue
3457 3643 3598 3690 cum
3663 3631 3712 3691 a*
3764 3619 4038 3692 metallo'

2457 3730 2755 3799 nobilitas
2822 3731 3116 3813 accessit,
3200 3737 3331 3796 nou
3393 3728 3640 3795 minere
3716 3736 3884 3796 esset
3927 3726 4026 3791 :in

2447 3837 2735 3917 honore,
2822 3845 3010 3921 quam
3079 3821 3200 3920 ,qui
3286 3840 3506 3898 natura
3590 3830 3856 3912 civitatis
3916 3833 4028 3917 jus

2454 3933 2710 4005 habuit.-

2632 4042 2780 4119 Quo
2847 4048 3134 4126 tempore
3204 4035 3484 4103 civitates
3551 4011 3683 4100 fere
3741 4032 4028 4122 singulae

2455 4143 2797 4244 propriam
2872 4163 3049 4207 suam
3146 4139 3422 4208 habueie
3516 4146 3829 4222 monetam
3849 4185 3870 4219 ,
3960 4146 4030 4203 et

2456 4246 2784 4314 exclusere
2869 4242 3137 4310 alienam
3163 4292 3182 4326 ,
3267 4261 3525 4308 necesse
3611 4239 3774 4323 fuit,
3855 4255 4023 4305 com-
4097 4303 4106 4307 ,

2456 4349 2715 4430 mercia,
2802 4356 2873 4415 ut
2936 4347 3118 4429 olim,
3207 4344 3351 4413 sola
3413 4343 3708 4412 mercium
3780 4362 4026 4431 permu-

1786 4572 1842 4640 ς)
1878 4572 2125 4643 Xenoph.
2159 4571 2294 4627 Bisa
2332 4573 2388 4624 L.
2422 4571 2505 4624 ΙΙΙ.
2541 4589 2591 4641 p.
2627 4590 2694 4622 m.
2729 4571 2848 4624 502.
2951 4597 2966 4604 -

3573 1364 3694 1430 etsi
3757 1366 3891 1448 ejus
3955 1362 4024 1428 in
4131 1423 4142 1428 -
