4450 5542
1663 513 1720 591 C
1771 497 1833 592 Α
1881 521 1940 591 Ρ
1993 520 2061 589 V
2112 520 2178 590 Τ
2251 511 2462 594 X.—‘1X
3455 538 3670 593 cxvn

442 689 725 782 aei-anun
753 728 773 762 ,
836 679 841 682 ’
879 665 985 747 ’ρι’
1063 679 1271 749 obviis
1360 682 1740 749 Batavorum
1782 719 1785 728 ·
1825 683 2029 750 aureis

442 803 663 866 unum,
709 782 867 850 mihi
912 782 1427 872 conspiciendum
1472 783 1668 854 dedit.
1756 784 1828 852 Si
1871 805 2024 871 ergo
2112 831 2119 839 -

443 888 659 954 nostri
720 886 860 952 aevi
925 887 1299 973 praestigiae
1363 896 1677 954 monetam
1742 897 2025 953 nostram

445 985 751 1077 potuere
777 987 1035 1069 imitari,
1120 1005 1206 1066 an
1270 986 1439 1054 idem
1490 990 1557 1055 ιιι
1610 988 1732 1056 hac
1782 990 2024 1056 imitan-

2289 752 2372 816 II.
2462 749 2647 816 Numi
2684 751 3007 815 adultenni
3035 771 3154 832 per
3175 750 3475 831 ,fraudem

2698 857 3060 920 modernam.

2226 985 2645 1078 ¹Accedimus
2725 981 2806 1052 ad
2887 995 3128 1074 partem
3210 986 3361 1052 artis
3436 990 3667 1058 numis-

447 1091 574 1158 dae
616 1100 909 1156 monetae
951 1089 1183 1157 veteris
1238 1089 1496 1158 licentia
1546 1111 1679 1158 non
1728 1100 2028 1179 poterunt
2094 1089 2362 1157 maticae
2415 1112 2496 1156 ex
2549 1089 2901 1178 praecipuis
2957 1079 3173 1169 ubam,
3229 1109 3389 1176 quae
3441 1110 3668 1159 numos
3769 1155 3774 1160 .

448 1193 760 1281 experiri,
816 1194 1152 1281 praecipue
1209 1215 1346 1260 cum
1380 1194 1467 1258 in
1518 1215 1666 1262 raro
1726 1195 2025 1282 quopiam
2092 1214 2242 1260 vere
2296 1201 2537 1259 veteres
2575 1215 2642 1266 „a
2695 1213 2915 1258 recens
2971 1191 3256 1258 confictis
3312 1189 3694 1263 discernere

445 1295 824 1368 numismate
887 1295 1015 1364 hoc
1082 1293 1280 1364 modo
1348 1295 1648 1384 fingendo
1716 1297 2027 1382 insignem
2097 1294 2305 1362 docet.
2441 1297 2589 1375 Qua
2675 1295 2840 1360 enim
2928 1302 3139 1360 mente
3223 1279 3670 1368 advocabimus

443 1401 573 1468 sibi
627 1406 949 1488 quaestum
1000 1383 1255 1465 videant
1307 1400 1785 1488 propositum?
1843 1400 2020 1466 Cete·
2089 1419 2341 1464 numum
2361 1446 2380 1478 ,
2443 1405 2514 1463 ut
2575 1393 2960 1487 antiquitatis
3025 1403 3249 1466 testem
3318 1403 3492 1484 agat,
3559 1400 3666 1486 qui

441 1524 587 1570 rum
659 1521 1040 1587 magnopere
1112 1500 1411 1593 falluntur
1486 1503 1655 1570 viri
1690 1521 2019 1570 numerum
2088 1509 2293 1587 nuper
2360 1520 2446 1565 ex
2522 1497 2917 1565 clandestina
2975 1500 3342 1588 impostoris
3417 1489 3672 1576 officina
3743 1575 3754 1592 ⁸

441 1614 724 1671 veterum
777 1602 1078 1684 studiosi,
1146 1605 1202 1670 si
1254 1605 1640 1687 existimant,
1706 1605 1898 1671 illatis
1950 1605 2018 1672 in
2087 1601 2379 1672 emersit?
2464 1602 2872 1689 Quapropter
2911 1604 3202 1672 omnibus
3241 1604 3366 1686 iis,
3395 1604 3508 1691 qui
3546 1613 3672 1692 aut,

440 1727 727 1776 museum
769 1728 951 1780 suum
993 1707 1196 1776 numis
1249 1706 1623 1790 subnotatis,
1678 1697 1803 1777 etsi
1846 1707 2015 1775 haud
2080 1727 2312 1774 numos
2376 1713 2618 1771 veteres
2683 1715 3079 1791 comparant,
3162 1715 3270 1772 aut
3344 1726 3666 1794 compara·

414 1809 651 1900 ‘dubie
698 1817 944 1876 veteres
996 1818 1416 1896 praestemuS,
1477 1821 1586 1880 aut
1632 1830 1823 1897 gazae
1876 1832 2028 1878 suae
2095 1819 2199 1876 tos
2262 1808 2346 1874 ad
2410 1806 2804 1894 philologiae
2865 1830 3110 1874 causas*
3152 1797 3482 1890 adhibent,
3572 1831 3667 1876 ar·

446 1911 642 1980 fuisse
710 1911 1067 1978 consultum
1133 1912 1398 1994 honori,
1463 1923 1570 1981 aut
1614 1933 1811 1982 verae
1864 1913 2027 1980 utili·
2095 1889 2453 1999 gumentum
2519 1908 2691 1976 istud
2757 1911 2822 1977 in
2887 1911 3242 1999 praecipuis
3301 1912 3466 1977 curis
3527 1933 3671 1981 esse

445 2017 594 2099 tati,
680 2018 862 2101 cujus
931 2015 1115 2082 unius
1189 2037 1376 2082 causa
1438 2018 1668 2084 veteris
1736 2025 2027 2088 monetae
2097 2014 2319 2097 debet,
2383 2011 2543 2094 illis,
2599 2034 2680 2078 ne
2736 2013 2982 2133 magnis
3035 2014 3384 2102 sumptibus
3419 2034 3669 2116 numos

449 2115 891 2236 supplementa
933 2116 1379 2186 desideramus.
1463 2120 1669 2197 Quam
1712 2119 1876 2186 enim
1920 2140 2026 2188 co·
2093 2117 2293 2186 falsos
2337 2138 2457 2205 pro
2487 2116 2786 2203 genuinis
2840 2119 2908 2185 in
2949 2117 3306 2185 thesaurum
3349 2139 3528 2184 suum
3575 2118 3667 2183 in·
3723 2169 3734 2182 .
3771 2154 3776 2159 ·

451 2221 643 2309 piose
695 2219 767 2286 in
824 2221 959 2302 his,
1020 2242 1202 2308 quam
1246 2243 1441 2309 prave
1482 2222 1848 2311 plerumque
1890 2241 2034 2310 pec-
2101 2220 2341 2303 ferant,
2429 2220 2530 2286 his
2553 2268 2572 2301 ,
2635 2242 2753 2292 ne
2839 2199 3225 2310 antiquitatis
3321 2220 3669 2290 doctrinam
3725 2253 3730 2272 ¹

458 2332 660 2389 catum
706 2322 830 2404 sit,
894 2343 1204 2412 quamque
1247 2323 1411 2418 adeo
1454 2323 1651 2391 fallax
1693 2327 1789 2391 sit
1818 2346 2035 2398 eorum

450 2426 523 2493 in
564 2425 1019 2518 philologiae
1015 2428 1221 2492 causis
1282 2427 1651 2509 auctoritas,
1678 2431 1832 2512 jam
1890 2436 2037 2493 ante

445 2548 559 2615 ‘me
598 2529 858 2615 experti
901 2537 1055 2594 sunt
1088 2529 1209 2595 vin
1250 2528 1506 2610 eruditi,
1568 2550 1835 2618 quorum
1875 2549 2035 2596 non·

410 2661 423 2672 ’
456 2629 784 2700 nullorum
826 2629 1103 2718 judicia
1124 2630 1346 2698 recitat
1392 2631 1450 2699 F
1448 2632 1788 2700 roehclnus
1808 2641 1896 2715 ¹),
1971 2641 2037 2697 et

461 2717 719 2820 abunde
781 2733 923 2821 ipse
985 2734 1053 2799 in
1110 2733 1417 2821 Catalogo
1483 2737 1682 2803 musei
1745 2734 2034 2803 Caesarei

456 2835 752 2903 indicavi.
883 2834 1193 2924 Equidem
1254 2859 1403 2907 non.
1450 2837 1645 2904 semel
1708 2840 2033 2932 experien-

402 2929 413 2936 ’
460 2938 555 3005 tia
623 2935 854 3019 didici,
882 3001 889 3008 .
918 2933 1000 3007 ‘si
1074 2960 1258 3027 quem
1328 2941 1770 3027 imperatorum
1842 2941 2028 3010 deua-

464 3040 627 3107 rium
682 3039 813 3108 vidi
886 3039 1201 3112 adversari
1273 3043 1623 3110 rationibus
1689 3043 2029 3112 chronolo-

463 3142 655 3230 g‘icis,
723 3149 844 3208 ‘aut
928 3142 1261 3225 historiae,
1333 3154 1457 3212 -aut
1529 3141 1874 3233 cuicunque
1942 3145 2027 3210 al·

458 3246 579 3313 teri
645 3265 870 3312 causae
886 3293 905 3324 ,
995 3268 1137 3313 eum
1196 3244 1483 3316 instituto
1551 3239 1837 3316 examine
1903 3231 2028 3314 tur-

457 3365 603 3438 pem
657 3349 829 3423 intus
882 3349 1150 3418 animam
1214 3349 1625 3416 abscondere.
1757 3350 2026 3430 Quocir-

461 3441 574 3538 (η’,
639 3462 711 3517 ιιι
752 3443 907 3517 -ιιδιι
970 3451 1158 3540 plane
1218 3453 1675 3541 aspernandam
1729 3462 1884 3540 puto
1939 3454 2027 3520 vi·

458 3553 688 3620 tiosam
752 3552 919 3624 hanc
977 3555 1307 3646 sobolem,
1388 3557 1537 3644 quia
1605 3555 1877 3644 aliquem
1940 3567 2031 3622 ta·

462 3675 607 3723 men
658 3665 875 3744 potest
924 3659 1102 3728 ιιειιιιι
1156 3670 1507 3749 praestare,
1584 3656 1678 3730 sic
1730 3660 1797 3727 ιιι
1851 3659 2030 3726 falla-

462 3759 643 3828 cibus
708 3759 1093 3846 antiquitatis
1160 3762 1424 3832 testibus
1496 3783 1637 3852 esse
1699 3763 2031 3832 habendos

464 3859 768 3934 cordatus
819 3865 1091 3951 quisque
1139 3864 1323 3933 facile
1375 3857 1615 3931 mecum
1658 3867 2031 3949 consentiet,

2095 3042 2637 3238 ἰᾶιιξείἓίνιιιιιιιι,
2694 3142 2978 3211 videmus
3035 3122 3417 3230 inquinatos.
3512 3145 3671 3237 EJus
3763 3207 3788 3224 ,

2086 2325 2416 2413 *corruptis
2468 2323 2732 2390 testibus
2791 2325 2988 2411 magis
3044 2331 3458 2411 corrumpant.
3566 2323 3668 2389 In·

2102 2426 2405 2493 credibile
2460 2424 2682 2507 dictu,
2721 2447 2905 2513 quam
2962 2446 3151 2512 saepe
3207 2426 3671 2514 mrisque,ex
3583 2515 3592 2526 ο

2105 2552 2235 2618 quo
2280 2529 2505 2595 numia
2573 2529 2889 2597 veteribus
2964 2527 3177 2594 honor
3241 2527 3464 2595 haberi
3528 2533 3670 2604 coe·

2102 2634 2228 2721 pit,
2294 2632 2641 2698 communis
2694 2631 2799 2697 hic
2849 2631 3149 2719 scopulus
3208 2630 3413 2698 fatalis
3467 2630 3669 2698 fuerit.
3719 2637 3727 2650 “

2100 2737 2187 2803 Ει
2248 2736 2426 2825 quod
2486 2735 2678 2821 longe
2744 2744 2843 2802 est
2895 2733 3454 2824 molestissimum,
3517 2732 3671 2801 infe·

2100 2839 2218 2905 mis
2291 2840 2477 2925 hujus
2550 2838 2762 2926 operis
2834 2838 3144 2903 artesactis
3215 2838 3672 2923 praestantissiae

2096 2963 2342 3008 morum
2402 2941 2585 3007 etiam
2644 2941 2920 3010 virorum
2972 2940 3207 3019 libros,
3250 2949 3402 3003 tum
3453 2951 3520 3006 et
3573 2962 3669 3007 ca·

2473 3063 2582 3129 qui
2647 3042 2936 3110 maxime
2993 3040 3424 3132 studiosorum
3478 3042 3670 3109 mani·

2094 3247 2259 3315 labis
2330 3229 2514 3336 culpa
2577 3248 2684 3310 in
2709 3246 2888 3333 ipsos
2955 3255 3053 3314 est
3105 3249 3395 3314 auctores
3457 3246 3670 3314 confe-

2054 3335 2071 3350 ’
2093 3349 2323 3432 reuda,
2378 3350 2512 3418 sive
2566 3347 2760 3439 quod
2794 3348 2892 3413 illi
2947 3347 3280 3431 scientiae,
3346 3371 3506 3437 quae
3557 3365 3670 3416 nu·

2095 3475 2237 3520 mos
2280 3452 2525 3542 probos
2569 3473 2609 3517 a
2649 3449 2828 3517 falsis
2872 3446 3230 3520 discernere
3271 3451 3494 3535 docet,
3538 3443 3700 3520 non'

2099 3577 2270 3650 eam,
2354 3577 2542 3646 quam
2587 3564 3020 3643 aoportuerat,

2100 3657 2357 3741 derunt,
2429 3662 2564 3726 sive
2631 3657 2806 3745 quod
2873 3658 2955 3724 ad
3001 3680 3375 3726 numerum.
3409 3680 3674 3727 examen

2096 3783 2234 3829 non
2278 3783 2527 3828 omnem
2569 3759 2910 3847 ἀκρι-βειαν
2951 3762 3295 3844 contulere,
3343 3749 3478 3830 sive
3498 3761 3675 3851 quod

2098 3853 2244 3954 plus
2303 3869 2482 3950 justo
2549 3864 2790 3931 creduli
2852 3864 3338 3929 communicatas
3403 3865 3526 3930 sibi
3589 3863 3671 3931 ab

3111 3577 3369 3645 operam
3434 3557 3671 3646 impen-
3773 3555 3780 3562 ’

458 3963 821 4054 malimque
853 3966 923 4033 ιιι
974 3968 1103 4036 hoc
1158 3967 1489 4062 periculo
1496 3968 1610 4036 niti
1665 3971 2033 4037 auctoritate
2100 3967 2240 4035 aliis
2310 3989 2638 4036 nemorum
2700 3966 3158 4053 descriptiones
3223 3964 3510 4051 neglecta
3576 3985 3673 4031 se-

459 4079 804 4136 aeneorum
825 4113 846 4150 ,
942 4091 1210 4158 quorum
1305 4072 1671 4160 plerumque
1755 4073 2034 4144 incurru-
2103 4072 2352 4158 veriore
2394 4071 2539 4136 crisi
2579 4071 2647 4136 ιιι
2691 4091 2852 4159 opus
2893 4089 3072 4135 suum
3114 4086 3428 4155 recepere.
3493 4065 3558 4132 A
3591 4067 3673 4133 si-

456 4172 637 4264 ptior
676 4169 874 4252 fides,
935 4194 1120 4261 quam
1172 4185 1639 4261 argenteorum,
1699 4169 1809 4263 qui
1850 4197 2038 4244 causa
2103 4174 2238 4242 mili
2287 4172 2493 4261 culpa
2559 4172 2888 4238 immunem
2951 4192 3118 4238 ιιοιι
3139 4170 3366 4237 fuisse
3383 4163 3676 4258 magnum

458 4271 755 4342 metalli
788 4276 986 4362 inagis
1068 4277 1488 4382 impostorum
1566 4280 1885 4394 avaritiam
1954 4281 2037 4349 ir·
2104 4275 2551 4368 spanhemium
2574 4322 2594 4357 ,
2671 4278 2807 4360 jam
2873 4273 3015 4341 aliis
3075 4274 3194 4343 fuit
3255 4273 3674 4343 observatum.

380 4437 401 4462 ,
456 4377 749 4449 ritavere.
1858 4423 1859 4428 ,
1924 4395 1935 4404 ·
2107 4382 2312 4461 Quam
2397 4378 2661 4445 densum
2749 4373 3093 4447 damnosae
3161 4377 3369 4469 plebis
3451 4385 3673 4466 agmen

2373 4538 2474 4548 ...ρ-

602 4597 821 4666 .)ι.α.
