<?xml version="1.0" encoding="UTF-8"?>
<!DOCTYPE html PUBLIC "-//W3C//DTD XHTML 1.0 Transitional//EN"
    "http://www.w3.org/TR/xhtml1/DTD/xhtml1-transitional.dtd">
<html xmlns="http://www.w3.org/1999/xhtml" xml:lang="en" lang="en">
 <head>
  <title>
</title>
<meta http-equiv="Content-Type" content="text/html;charset=utf-8" />
  <meta name='ocr-system' content='tesseract 3.04.00' />
  <meta name='ocr-capabilities' content='ocr_page ocr_carea ocr_par ocr_line ocrx_word'/>
</head>
<body>
  <div class='ocr_page' id='page_1' title='image "./doctrinanumorum12unkngoog_0162.png"; bbox 0 0 4450 5542; ppageno 0'>
   <div class='ocr_carea' id='block_1_1' title="bbox 698 463 3348 628">
    <p class='ocr_par' dir='ltr' id='par_1_1' title="bbox 698 463 3348 628">
     <span class='ocr_line' id='line_1_1' title="bbox 698 463 3348 628; baseline 0 -52"><span class='ocrx_word' id='word_1_1' title='bbox 698 511 719 576; x_wconf 84' lang='grc'><em>;</em></span> <span class='ocrx_word' id='word_1_2' title='bbox 851 475 1127 585; x_wconf 66' lang='lat' dir='ltr'>mma</span> <span class='ocrx_word' id='word_1_3' title='bbox 1330 495 1337 500; x_wconf 72' lang='lat'>‘</span> <span class='ocrx_word' id='word_1_4' title='bbox 1712 463 2507 628; x_wconf 53' lang='lat' dir='ltr'>*PROLEGoMENA</span> <span class='ocrx_word' id='word_1_5' title='bbox 2574 505 3145 584; x_wconf 53' lang='lat' dir='ltr'>canalium</span> <span class='ocrx_word' id='word_1_6' title='bbox 3281 569 3348 600; x_wconf 49' lang='grc'>,,</span> 
     </span>
    </p>
   </div>
   <div class='ocr_carea' id='block_1_2' title="bbox 702 647 4055 966">
    <p class='ocr_par' dir='ltr' id='par_1_2' title="bbox 702 647 4055 966">
     <span class='ocr_line' id='line_1_2' title="bbox 702 647 4053 760; baseline -0.001 -19"><span class='ocrx_word' id='word_1_7' title='bbox 702 713 713 724; x_wconf 88' lang='grc'><strong>-</strong></span> <span class='ocrx_word' id='word_1_8' title='bbox 853 695 1045 742; x_wconf 88' lang='grc' dir='ltr'><strong>ιιιιιιιιι</strong></span> <span class='ocrx_word' id='word_1_9' title='bbox 1116 672 1455 739; x_wconf 71' lang='lat' dir='ltr'>alterumve</span> <span class='ocrx_word' id='word_1_10' title='bbox 1528 670 1596 737; x_wconf 90' lang='lat' dir='ltr'>in</span> <span class='ocrx_word' id='word_1_11' title='bbox 1675 669 1892 738; x_wconf 88' lang='lat' dir='ltr'>eadem</span> <span class='ocrx_word' id='word_1_12' title='bbox 1962 691 2148 750; x_wconf 73' lang='lat' dir='ltr'>causa</span> <span class='ocrx_word' id='word_1_13' title='bbox 2209 691 2417 750; x_wconf 84' lang='lat' dir='ltr'>exem·</span> <span class='ocrx_word' id='word_1_14' title='bbox 2486 668 2810 758; x_wconf 76' lang='lat' dir='ltr'><strong>paullatim</strong></span> <span class='ocrx_word' id='word_1_15' title='bbox 2871 669 3099 760; x_wconf 74' lang='lat' dir='ltr'>&#39;pulcri</span> <span class='ocrx_word' id='word_1_16' title='bbox 3186 679 3374 756; x_wconf 82' lang='lat' dir='ltr'>atque</span> <span class='ocrx_word' id='word_1_17' title='bbox 3457 647 3803 756; x_wconf 78' lang='lat' dir='ltr'>elegantiae</span> <span class='ocrx_word' id='word_1_18' title='bbox 3871 692 4053 752; x_wconf 75' lang='lat' dir='ltr'>cura,</span> 
     </span>
     <span class='ocr_line' id='line_1_3' title="bbox 851 769 4055 866; baseline -0.001 -25"><span class='ocrx_word' id='word_1_19' title='bbox 851 776 1039 866; x_wconf 86' lang='lat' dir='ltr'>plum·</span> <span class='ocrx_word' id='word_1_20' title='bbox 1092 773 1425 863; x_wconf 78' lang='lat' dir='ltr'>praecipue</span> <span class='ocrx_word' id='word_1_21' title='bbox 1488 771 1554 838; x_wconf 90' lang='lat' dir='ltr'>in</span> <span class='ocrx_word' id='word_1_22' title='bbox 1626 774 1885 839; x_wconf 80' lang='lat' dir='ltr'>materia</span> <span class='ocrx_word' id='word_1_23' title='bbox 1956 769 2176 860; x_wconf 76' lang='lat' dir='ltr'>suapte</span> <span class='ocrx_word' id='word_1_24' title='bbox 2250 772 2422 838; x_wconf 73' lang='lat' dir='ltr'>clara</span> <span class='ocrx_word' id='word_1_25' title='bbox 2488 770 2760 862; x_wconf 76' lang='lat' dir='ltr'>den&#39;ique</span> <span class='ocrx_word' id='word_1_26' title='bbox 2813 772 3134 841; x_wconf 83' lang='lat' dir='ltr'>barbaries</span> <span class='ocrx_word' id='word_1_27' title='bbox 3188 777 3460 859; x_wconf 83' lang='lat' dir='ltr'>quoque.</span> <span class='ocrx_word' id='word_1_28' title='bbox 3580 772 3711 838; x_wconf 91' lang='lat' dir='ltr'>Sed</span> <span class='ocrx_word' id='word_1_29' title='bbox 3753 775 3888 858; x_wconf 86' lang='lat' dir='ltr'>jam</span> <span class='ocrx_word' id='word_1_30' title='bbox 3945 769 4055 838; x_wconf 67' lang='lat' dir='ltr'>ali-</span> 
     </span>
     <span class='ocr_line' id='line_1_4' title="bbox 854 873 4054 966; baseline -0.002 -20"><span class='ocrx_word' id='word_1_31' title='bbox 854 878 1215 952; x_wconf 81' lang='lat' dir='ltr'>tantundem</span> <span class='ocrx_word' id='word_1_32' title='bbox 1278 874 1538 962; x_wconf 88' lang='lat' dir='ltr'>probat,</span> <span class='ocrx_word' id='word_1_33' title='bbox 1626 887 1927 966; x_wconf 76' lang='lat' dir='ltr'>quantum</span> <span class='ocrx_word' id='word_1_34' title='bbox 1989 875 2232 964; x_wconf 87' lang='lat' dir='ltr'>amplus</span> <span class='ocrx_word' id='word_1_35' title='bbox 2305 896 2445 940; x_wconf 85' lang='lat' dir='ltr'>eo··</span> <span class='ocrx_word' id='word_1_36' title='bbox 2485 885 2642 962; x_wconf 89' lang='lat' dir='ltr'>quot</span> <span class='ocrx_word' id='word_1_37' title='bbox 2711 877 2983 965; x_wconf 70' lang='lat' dir='ltr'>supinae</span> <span class='ocrx_word' id='word_1_38' title='bbox 3023 873 3477 961; x_wconf 53' lang='lat' dir='ltr'>negligentiae</span> <span class='ocrx_word' id='word_1_39' title='bbox 3548 873 3838 961; x_wconf 83' lang='lat' dir='ltr'>exempla</span> <span class='ocrx_word' id='word_1_40' title='bbox 3906 894 4054 962; x_wconf 85' lang='lat' dir='ltr'>pro·</span> 
     </span>
    </p>
   </div>
   <div class='ocr_carea' id='block_1_3' title="bbox 650 959 2800 1063">
    <p class='ocr_par' dir='ltr' id='par_1_3' title="bbox 650 959 2800 1063">
     <span class='ocr_line' id='line_1_5' title="bbox 650 959 2800 1063; baseline -0.001 -16"><span class='ocrx_word' id='word_1_41' title='bbox 650 959 653 966; x_wconf 36' lang='lat'><strong>⁴</strong></span> <span class='ocrx_word' id='word_1_42' title='bbox 720 1035 731 1046; x_wconf 86' lang='lat'>.</span> <span class='ocrx_word' id='word_1_43' title='bbox 852 1003 990 1047; x_wconf 87' lang='lat' dir='ltr'>rum</span> <span class='ocrx_word' id='word_1_44' title='bbox 1058 977 1409 1062; x_wconf 76' lang='lat' dir='ltr'>catalogue,</span> <span class='ocrx_word' id='word_1_45' title='bbox 1501 976 1747 1063; x_wconf 87' lang='lat' dir='ltr'>qualem</span> <span class='ocrx_word' id='word_1_46' title='bbox 1807 977 2101 1044; x_wconf 74' lang='lat' dir='ltr'>instruxit</span> <span class='ocrx_word' id='word_1_47' title='bbox 2164 975 2409 1044; x_wconf 83' lang='lat' dir='ltr'>Froeli-</span> <span class='ocrx_word' id='word_1_48' title='bbox 2486 975 2800 1044; x_wconf 54' lang='lat' dir='ltr'>feramus:</span> 
     </span>
    </p>
   </div>
   <div class='ocr_carea' id='block_1_4' title="bbox 752 1075 4055 1388">
    <p class='ocr_par' dir='ltr' id='par_1_4' title="bbox 752 1075 4055 1388">
     <span class='ocr_line' id='line_1_6' title="bbox 855 1075 4055 1168; baseline -0.002 -20"><span class='ocrx_word' id='word_1_49' title='bbox 855 1082 1061 1163; x_wconf 86' lang='lat' dir='ltr'>chius,</span> <span class='ocrx_word' id='word_1_50' title='bbox 1149 1079 1373 1168; x_wconf 83' lang='lat' dir='ltr'>partim</span> <span class='ocrx_word' id='word_1_51' title='bbox 1428 1079 1574 1167; x_wconf 88' lang='lat' dir='ltr'>quia</span> <span class='ocrx_word' id='word_1_52' title='bbox 1628 1079 1853 1148; x_wconf 86' lang='lat' dir='ltr'>multas</span> <span class='ocrx_word' id='word_1_53' title='bbox 1908 1080 1965 1146; x_wconf 83' lang='lat' dir='ltr'>is</span> <span class='ocrx_word' id='word_1_54' title='bbox 2021 1101 2243 1146; x_wconf 81' lang='lat' dir='ltr'>causas</span> <span class='ocrx_word' id='word_1_55' title='bbox 2295 1090 2424 1145; x_wconf 84' lang='lat' dir='ltr'>tra-</span> <span class='ocrx_word' id='word_1_56' title='bbox 2656 1078 2936 1145; x_wconf 84' lang='lat' dir='ltr'>Exhibet</span> <span class='ocrx_word' id='word_1_57' title='bbox 3007 1075 3403 1146; x_wconf 85' lang='lat' dir='ltr'>Froelichius</span> <span class='ocrx_word' id='word_1_58' title='bbox 3470 1093 3722 1145; x_wconf 85' lang='lat' dir='ltr'>numum</span> <span class='ocrx_word' id='word_1_59' title='bbox 3796 1083 4055 1144; x_wconf 83' lang='lat' dir='ltr'>aeneum</span> 
     </span>
     <span class='ocr_line' id='line_1_7' title="bbox 792 1178 4052 1274; baseline -0.001 -24"><span class='ocrx_word' id='word_1_60' title='bbox 792 1263 801 1274; x_wconf 24' lang='grc' dir='ltr'>ἱ</span> <span class='ocrx_word' id='word_1_61' title='bbox 854 1184 1043 1250; x_wconf 86' lang='lat' dir='ltr'>ctatui</span> <span class='ocrx_word' id='word_1_62' title='bbox 1086 1204 1204 1248; x_wconf 87' lang='lat' dir='ltr'>suo</span> <span class='ocrx_word' id='word_1_63' title='bbox 1251 1182 1528 1262; x_wconf 81' lang='lat' dir='ltr'>inseruit,</span> <span class='ocrx_word' id='word_1_64' title='bbox 1576 1203 1729 1269; x_wconf 83' lang='lat' dir='ltr'>quas</span> <span class='ocrx_word' id='word_1_65' title='bbox 1774 1204 1895 1249; x_wconf 86' lang='lat' dir='ltr'>nos</span> <span class='ocrx_word' id='word_1_66' title='bbox 1938 1184 2003 1249; x_wconf 90' lang='lat' dir='ltr'>in</span> <span class='ocrx_word' id='word_1_67' title='bbox 2040 1181 2419 1270; x_wconf 87' lang='lat' dir='ltr'>praecedeu·</span> <span class='ocrx_word' id='word_1_68' title='bbox 2486 1179 2538 1246; x_wconf 91' lang='lat'>1.</span> <span class='ocrx_word' id='word_1_69' title='bbox 2592 1178 2867 1263; x_wconf 81' lang='lat' dir='ltr'>formae,</span> <span class='ocrx_word' id='word_1_70' title='bbox 2921 1184 3029 1269; x_wconf 81' lang='lat' dir='ltr'>qui</span> <span class='ocrx_word' id='word_1_71' title='bbox 3082 1201 3252 1247; x_wconf 87' lang='lat' dir='ltr'>nunc</span> <span class='ocrx_word' id='word_1_72' title='bbox 3301 1191 3398 1248; x_wconf 80' lang='lat' dir='ltr'>est</span> <span class='ocrx_word' id='word_1_73' title='bbox 3455 1181 3530 1246; x_wconf 85' lang='lat' dir='ltr'>in·</span> <span class='ocrx_word' id='word_1_74' title='bbox 3564 1193 3782 1250; x_wconf 81' lang='lat' dir='ltr'>museo</span> <span class='ocrx_word' id='word_1_75' title='bbox 3827 1180 4052 1247; x_wconf 79' lang='lat' dir='ltr'>Caesa·</span> 
     </span>
     <span class='ocr_line' id='line_1_8' title="bbox 752 1279 4047 1388; baseline -0.001 -36"><span class='ocrx_word' id='word_1_76' title='bbox 752 1331 759 1342; x_wconf 64' lang='grc'><em>.</em></span> <span class='ocrx_word' id='word_1_77' title='bbox 806 1363 831 1388; x_wconf 63' lang='lat'>.</span> <span class='ocrx_word' id='word_1_78' title='bbox 853 1286 1022 1352; x_wconf 82' lang='lat' dir='ltr'>tibus</span> <span class='ocrx_word' id='word_1_79' title='bbox 1068 1284 1526 1351; x_wconf 88' lang='lat' dir='ltr'>commentariis</span> <span class='ocrx_word' id='word_1_80' title='bbox 1560 1287 1692 1370; x_wconf 83' lang='lat' dir='ltr'>J&#39;am</span> <span class='ocrx_word' id='word_1_81' title='bbox 1736 1282 2188 1372; x_wconf 76' lang='lat' dir='ltr'><strong>expedivimus.</strong></span> <span class='ocrx_word' id='word_1_82' title='bbox 2386 1288 2390 1292; x_wconf 82' lang='grc'>’</span> <span class='ocrx_word' id='word_1_83' title='bbox 2490 1301 2635 1349; x_wconf 82' lang='lat' dir='ltr'>reo:</span> <span class='ocrx_word' id='word_1_84' title='bbox 2717 1279 3182 1384; x_wconf 85' lang='lat' dir='ltr'>AVRELIVS.</span> <span class='ocrx_word' id='word_1_85' title='bbox 3237 1282 3598 1349; x_wconf 85' lang='lat' dir='ltr'>CAESAR.</span> <span class='ocrx_word' id='word_1_86' title='bbox 3651 1281 3855 1349; x_wconf 85' lang='lat' dir='ltr'>AVG.</span> <span class='ocrx_word' id='word_1_87' title='bbox 3910 1280 4047 1348; x_wconf 87' lang='lat' dir='ltr'>PII.</span> 
     </span>
    </p>
   </div>
   <div class='ocr_carea' id='block_1_5' title="bbox 778 1359 4168 1885">
    <p class='ocr_par' dir='ltr' id='par_1_5' title="bbox 855 1359 4168 1686">
     <span class='ocr_line' id='line_1_9' title="bbox 856 1359 4108 1498; baseline -0.001 -46"><span class='ocrx_word' id='word_1_88' title='bbox 856 1449 865 1452; x_wconf 79' lang='grc'><em>,</em></span> <span class='ocrx_word' id='word_1_89' title='bbox 1024 1376 1399 1453; x_wconf 80' lang='lat' dir='ltr'>Veteribus</span> <span class='ocrx_word' id='word_1_90' title='bbox 1422 1387 1785 1498; x_wconf 71' lang='lat' dir='ltr'><strong>monetariis</strong></span> <span class='ocrx_word' id='word_1_91' title='bbox 1839 1387 2015 1454; x_wconf 71' lang='lat' dir='ltr'>sive..</span> <span class='ocrx_word' id='word_1_92' title='bbox 2028 1387 2094 1452; x_wconf 89' lang='lat' dir='ltr'>in</span> <span class='ocrx_word' id='word_1_93' title='bbox 2139 1386 2421 1474; x_wconf 86' lang='lat' dir='ltr'>scalpen·</span> <span class='ocrx_word' id='word_1_94' title='bbox 2488 1384 2562 1450; x_wconf 89' lang='lat' dir='ltr'>F.</span> <span class='ocrx_word' id='word_1_95' title='bbox 2652 1359 2850 1452; x_wconf 82' lang='lat' dir='ltr'>COS.</span> <span class='ocrx_word' id='word_1_96' title='bbox 3011 1385 3244 1469; x_wconf 75' lang='lat' dir='ltr'>Caput</span> <span class='ocrx_word' id='word_1_97' title='bbox 3287 1387 3399 1451; x_wconf 90' lang='grc' dir='ltr'>Μ.</span> <span class='ocrx_word' id='word_1_98' title='bbox 3490 1388 3726 1453; x_wconf 61' lang='lat' dir='ltr'>Amulii</span> <span class='ocrx_word' id='word_1_99' title='bbox 3813 1373 4055 1462; x_wconf 61' lang='grc' dir='ltr'><strong>πιιᾰιὰιῗι.</strong></span> <span class='ocrx_word' id='word_1_100' title='bbox 4104 1407 4108 1415; x_wconf 93' lang='grc'><em>·</em></span> 
     </span>
     <span class='ocr_line' id='line_1_10' title="bbox 855 1487 4168 1584; baseline 0 -32"><span class='ocrx_word' id='word_1_101' title='bbox 855 1487 954 1553; x_wconf 83' lang='lat' dir='ltr'>dis</span> <span class='ocrx_word' id='word_1_102' title='bbox 1019 1489 1407 1571; x_wconf 78' lang='lat' dir='ltr'>matricibus,</span> <span class='ocrx_word' id='word_1_103' title='bbox 1498 1489 1671 1554; x_wconf 83' lang='lat' dir='ltr'>sive</span> <span class='ocrx_word' id='word_1_104' title='bbox 1705 1490 1775 1554; x_wconf 84' lang='lat' dir='ltr'>in</span> <span class='ocrx_word' id='word_1_105' title='bbox 1839 1489 2141 1556; x_wconf 81' lang='lat' dir='ltr'>feriundis</span> <span class='ocrx_word' id='word_1_106' title='bbox 2218 1490 2422 1556; x_wconf 78' lang='lat' dir='ltr'>numia</span> <span class='ocrx_word' id='word_1_107' title='bbox 2485 1488 2564 1571; x_wconf 70' lang='lat' dir='ltr'>J(</span> <span class='ocrx_word' id='word_1_108' title='bbox 2625 1487 3002 1555; x_wconf 76' lang='lat' dir='ltr'>DESNOS.</span> <span class='ocrx_word' id='word_1_109' title='bbox 3060 1488 3128 1554; x_wconf 89' lang='lat' dir='ltr'>S.</span> <span class='ocrx_word' id='word_1_110' title='bbox 3175 1487 3257 1552; x_wconf 85' lang='lat' dir='ltr'>..C</span> <span class='ocrx_word' id='word_1_111' title='bbox 3315 1488 3523 1564; x_wconf 76' lang='lat' dir='ltr'>Honos</span> <span class='ocrx_word' id='word_1_112' title='bbox 3571 1498 3753 1552; x_wconf 63' lang='lat' dir='ltr'>dans.</span> <span class='ocrx_word' id='word_1_113' title='bbox 3831 1487 4054 1553; x_wconf 83' lang='lat' dir='ltr'>Satis</span> <span class='ocrx_word' id='word_1_114' title='bbox 4163 1575 4168 1584; x_wconf 17' lang='grc' dir='ltr'><strong><em>ἡ</em></strong></span> 
     </span>
     <span class='ocr_line' id='line_1_11' title="bbox 857 1565 4055 1686; baseline 0 -31"><span class='ocrx_word' id='word_1_115' title='bbox 857 1589 1096 1686; x_wconf 60' lang='lat' dir='ltr'>aliquid</span> <span class='ocrx_word' id='word_1_116' title='bbox 1155 1594 1438 1680; x_wconf 79' lang='lat' dir='ltr'>potuisse</span> <span class='ocrx_word' id='word_1_117' title='bbox 1494 1565 1779 1657; x_wconf 85' lang='lat' dir='ltr'>accidere</span> <span class='ocrx_word' id='word_1_118' title='bbox 1824 1591 2215 1675; x_wconf 80' lang='lat' dir='ltr'>humanitus,</span> <span class='ocrx_word' id='word_1_119' title='bbox 2282 1591 2421 1680; x_wconf 87' lang='lat' dir='ltr'>quis</span> <span class='ocrx_word' id='word_1_120' title='bbox 2490 1600 2778 1678; x_wconf 80' lang='lat' dir='ltr'>apparet,</span> <span class='ocrx_word' id='word_1_121' title='bbox 2859 1588 3198 1686; x_wconf 47' lang='lat' dir='ltr'>&#39;syllabam</span> <span class='ocrx_word' id='word_1_122' title='bbox 3237 1583 3425 1655; x_wconf 85' lang='lat' dir='ltr'>DES.</span> <span class='ocrx_word' id='word_1_123' title='bbox 3490 1588 3573 1656; x_wconf 86' lang='lat' dir='ltr'>ad</span> <span class='ocrx_word' id='word_1_124' title='bbox 3639 1596 3924 1676; x_wconf 81' lang='lat' dir='ltr'>partem</span> <span class='ocrx_word' id='word_1_125' title='bbox 3947 1588 4055 1656; x_wconf 88' lang='lat' dir='ltr'>ad·</span> 
     </span>
    </p>

    <p class='ocr_par' dir='ltr' id='par_1_6' title="bbox 778 1689 4054 1885">
     <span class='ocr_line' id='line_1_12' title="bbox 778 1689 4050 1784; baseline 0 -29"><span class='ocrx_word' id='word_1_126' title='bbox 778 1763 789 1774; x_wconf 30' lang='lat'>⁸</span> <span class='ocrx_word' id='word_1_127' title='bbox 855 1690 1146 1777; x_wconf 78' lang='lat' dir='ltr'>negabit?</span> <span class='ocrx_word' id='word_1_128' title='bbox 1250 1692 1445 1779; x_wconf 88' lang='lat' dir='ltr'>Atqui</span> <span class='ocrx_word' id='word_1_129' title='bbox 1496 1704 1562 1759; x_wconf 89' lang='lat' dir='ltr'>et</span> <span class='ocrx_word' id='word_1_130' title='bbox 1615 1691 1832 1778; x_wconf 86' lang='lat' dir='ltr'>lapsos</span> <span class='ocrx_word' id='word_1_131' title='bbox 1884 1695 2081 1762; x_wconf 73' lang='lat' dir='ltr'>fuisse</span> <span class='ocrx_word' id='word_1_132' title='bbox 2120 1696 2421 1784; x_wconf 61' lang='lat' dir='ltr'>frequen·</span> <span class='ocrx_word' id='word_1_133' title='bbox 2491 1692 2616 1770; x_wconf 80' lang='lat' dir='ltr'>huc</span> <span class='ocrx_word' id='word_1_134' title='bbox 2680 1694 2944 1759; x_wconf 79' lang='lat' dir='ltr'><strong>anticam</strong></span> <span class='ocrx_word' id='word_1_135' title='bbox 3009 1689 3356 1779; x_wconf 79' lang='lat' dir='ltr'>pertinere,</span> <span class='ocrx_word' id='word_1_136' title='bbox 3372 1726 3388 1735; x_wconf 84' lang='lat'><strong>·</strong></span> <span class='ocrx_word' id='word_1_137' title='bbox 3425 1691 3518 1756; x_wconf 74' lang='lat' dir='ltr'>sic</span> <span class='ocrx_word' id='word_1_138' title='bbox 3582 1700 3652 1757; x_wconf 86' lang='lat' dir='ltr'>ut</span> <span class='ocrx_word' id='word_1_139' title='bbox 3715 1691 3822 1757; x_wconf 84' lang='lat' dir='ltr'>sit·</span> <span class='ocrx_word' id='word_1_140' title='bbox 3859 1690 4050 1764; x_wconf 88' lang='lat' dir='ltr'>COS.</span> 
     </span>
     <span class='ocr_line' id='line_1_13' title="bbox 838 1787 4054 1885; baseline 0 -25"><span class='ocrx_word' id='word_1_141' title='bbox 838 1802 979 1876; x_wconf 61' lang='lat' dir='ltr'>ter,</span> <span class='ocrx_word' id='word_1_142' title='bbox 1037 1802 1101 1858; x_wconf 91' lang='lat' dir='ltr'>et</span> <span class='ocrx_word' id='word_1_143' title='bbox 1129 1787 1407 1880; x_wconf 86' lang='lat' dir='ltr'>&#39;quidem</span> <span class='ocrx_word' id='word_1_144' title='bbox 1442 1793 1850 1881; x_wconf 77' lang='lat' dir='ltr'>negligentia,</span> <span class='ocrx_word' id='word_1_145' title='bbox 1908 1819 2091 1885; x_wconf 87' lang='lat' dir='ltr'>quam</span> <span class='ocrx_word' id='word_1_146' title='bbox 2151 1797 2292 1885; x_wconf 77' lang='lat' dir='ltr'>ipsa</span> <span class='ocrx_word' id='word_1_147' title='bbox 2332 1797 2420 1864; x_wconf 81' lang='lat' dir='ltr'>fa·</span> <span class='ocrx_word' id='word_1_148' title='bbox 2489 1794 2712 1877; x_wconf 63' lang='lat' dir='ltr'><strong>DES„</strong></span> <span class='ocrx_word' id='word_1_149' title='bbox 2801 1795 3025 1881; x_wconf 80' lang='lat' dir='ltr'>nempe</span> <span class='ocrx_word' id='word_1_150' title='bbox 3087 1793 3294 1860; x_wconf 60' lang='lat' dir='ltr'>comm</span> <span class='ocrx_word' id='word_1_151' title='bbox 3353 1798 3732 1877; x_wconf 69' lang='lat' dir='ltr'>designatus,</span> <span class='ocrx_word' id='word_1_152' title='bbox 3818 1804 3882 1859; x_wconf 87' lang='lat' dir='ltr'>et</span> <span class='ocrx_word' id='word_1_153' title='bbox 3932 1815 4054 1882; x_wconf 88' lang='lat' dir='ltr'>pro</span> 
     </span>
    </p>
   </div>
   <div class='ocr_carea' id='block_1_6' title="bbox 4428 197 4431 1206">
    <p class='ocr_par' dir='ltr' id='par_1_7' title="bbox 4428 197 4431 1206">
     <span class='ocr_line' id='line_1_14' title="bbox 4428 197 4431 1206; baseline 0 0"><span class='ocrx_word' id='word_1_154' title='bbox 4428 197 4431 1206; x_wconf 95' lang='lat' dir='ltr'> </span> 
     </span>
    </p>
   </div>
   <div class='ocr_carea' id='block_1_7' title="bbox 614 1889 4176 2108">
    <p class='ocr_par' dir='ltr' id='par_1_8' title="bbox 614 1889 4176 2108">
     <span class='ocr_line' id='line_1_15' title="bbox 614 1889 4176 1992; baseline 0 -31"><span class='ocrx_word' id='word_1_155' title='bbox 614 1971 627 1986; x_wconf 37' lang='grc' dir='ltr'>Ι</span> <span class='ocrx_word' id='word_1_156' title='bbox 856 1895 1057 1962; x_wconf 86' lang='lat' dir='ltr'>cilitas</span> <span class='ocrx_word' id='word_1_157' title='bbox 1144 1907 1413 1985; x_wconf 78' lang='lat' dir='ltr'>nequeat</span> <span class='ocrx_word' id='word_1_158' title='bbox 1497 1911 1835 1981; x_wconf 77' lang='lat' dir='ltr'>excusare,</span> <span class='ocrx_word' id='word_1_159' title='bbox 1921 1900 2166 1966; x_wconf 89' lang='lat' dir='ltr'>infinita</span> <span class='ocrx_word' id='word_1_160' title='bbox 2226 1899 2422 1966; x_wconf 73' lang='lat' dir='ltr'>habe·</span> <span class='ocrx_word' id='word_1_161' title='bbox 2489 1897 2618 1963; x_wconf 76' lang='lat' dir='ltr'>hoc‘</span> <span class='ocrx_word' id='word_1_162' title='bbox 2665 1899 2733 1963; x_wconf 91' lang='lat' dir='ltr'>in</span> <span class='ocrx_word' id='word_1_163' title='bbox 2787 1917 3008 1965; x_wconf 82' lang='lat' dir='ltr'>aversa</span> <span class='ocrx_word' id='word_1_164' title='bbox 3051 1894 3422 1992; x_wconf 73' lang='lat' dir='ltr'>ponendum</span> <span class='ocrx_word' id='word_1_165' title='bbox 3485 1895 3647 1977; x_wconf 83' lang='grc' dir='ltr'><strong>ΗΟ,</strong></span> <span class='ocrx_word' id='word_1_166' title='bbox 3706 1889 3800 1972; x_wconf 74' lang='lat' dir='ltr'>&#39;sic</span> <span class='ocrx_word' id='word_1_167' title='bbox 3850 1905 3921 1962; x_wconf 90' lang='lat' dir='ltr'>ut</span> <span class='ocrx_word' id='word_1_168' title='bbox 3955 1897 4056 1962; x_wconf 79' lang='lat' dir='ltr'>sit</span> <span class='ocrx_word' id='word_1_169' title='bbox 4163 1905 4176 1915; x_wconf 83' lang='lat'><em>&#39;</em></span> 
     </span>
     <span class='ocr_line' id='line_1_16' title="bbox 746 1979 4049 2108; baseline 0.001 -46"><span class='ocrx_word' id='word_1_170' title='bbox 746 2063 771 2088; x_wconf 50' lang='lat' dir='ltr'><strong><em>s</em></strong></span> <span class='ocrx_word' id='word_1_171' title='bbox 854 2019 993 2063; x_wconf 85' lang='lat' dir='ltr'>mus</span> <span class='ocrx_word' id='word_1_172' title='bbox 1059 1996 1449 2065; x_wconf 85' lang='lat' dir='ltr'>documenta.</span> <span class='ocrx_word' id='word_1_173' title='bbox 1549 1998 1948 2067; x_wconf 86' lang='lat' dir='ltr'>Monendum</span> <span class='ocrx_word' id='word_1_174' title='bbox 2012 2013 2250 2092; x_wconf 65' lang='lat' dir='ltr'>tamen,</span> <span class='ocrx_word' id='word_1_175' title='bbox 2312 2002 2422 2108; x_wconf 56' lang='lat' dir='ltr'>vix</span> <span class='ocrx_word' id='word_1_176' title='bbox 2490 1979 2837 2080; x_wconf 68' lang='lat' dir='ltr'>BONOS,</span> <span class='ocrx_word' id='word_1_177' title='bbox 2885 1998 3226 2106; x_wconf 78' lang='lat' dir='ltr'>epigraphe</span> <span class='ocrx_word' id='word_1_178' title='bbox 3269 1997 3518 2064; x_wconf 71' lang='lat' dir='ltr'>obvia</span> <span class='ocrx_word' id='word_1_179' title='bbox 3498 2019 3566 2064; x_wconf 86' lang='grc' dir='ltr'>ιιι</span> <span class='ocrx_word' id='word_1_180' title='bbox 3608 1999 3812 2084; x_wconf 75' lang='lat' dir='ltr'>numia</span> <span class='ocrx_word' id='word_1_181' title='bbox 3853 1999 4049 2064; x_wconf 85' lang='lat' dir='ltr'>Aure</span> 
     </span>
    </p>
   </div>
   <div class='ocr_carea' id='block_1_8' title="bbox 854 2097 4057 2198">
    <p class='ocr_par' dir='ltr' id='par_1_9' title="bbox 854 2097 4057 2198">
     <span class='ocr_line' id='line_1_17' title="bbox 854 2097 4057 2198; baseline 0 -32"><span class='ocrx_word' id='word_1_182' title='bbox 854 2100 1065 2187; x_wconf 87' lang='lat' dir='ltr'>aliqua</span> <span class='ocrx_word' id='word_1_183' title='bbox 1149 2102 1409 2198; x_wconf 73' lang='lat' dir='ltr'>reperiri</span> <span class='ocrx_word' id='word_1_184' title='bbox 1494 2104 1981 2186; x_wconf 75' lang='lat' dir='ltr'>monetariorum</span> <span class='ocrx_word' id='word_1_185' title='bbox 2076 2104 2424 2193; x_wconf 81' lang='lat' dir='ltr'>sphalmata</span> <span class='ocrx_word' id='word_1_186' title='bbox 2488 2102 2561 2167; x_wconf 88' lang='lat' dir='ltr'>lii</span> <span class='ocrx_word' id='word_1_187' title='bbox 2606 2101 2908 2170; x_wconf 66' lang='lat' dir='ltr'>Caesaris.</span> <span class='ocrx_word' id='word_1_188' title='bbox 2998 2101 3373 2190; x_wconf 81' lang='lat' dir='ltr'>Exemplum</span> <span class='ocrx_word' id='word_1_189' title='bbox 3427 2098 3599 2170; x_wconf 80' lang='lat' dir='ltr'>aliud</span> <span class='ocrx_word' id='word_1_190' title='bbox 3651 2101 3846 2186; x_wconf 76' lang='lat' dir='ltr'>magis</span> <span class='ocrx_word' id='word_1_191' title='bbox 3902 2097 4057 2188; x_wconf 84' lang='lat' dir='ltr'>lepi-</span> 
     </span>
    </p>
   </div>
   <div class='ocr_carea' id='block_1_9' title="bbox 666 2201 4058 2293">
    <p class='ocr_par' dir='ltr' id='par_1_10' title="bbox 666 2201 4058 2293">
     <span class='ocr_line' id='line_1_18' title="bbox 666 2201 4058 2293; baseline 0.001 -27"><span class='ocrx_word' id='word_1_192' title='bbox 666 2263 674 2278; x_wconf 87' lang='grc'><strong>,</strong></span> <span class='ocrx_word' id='word_1_193' title='bbox 714 2225 727 2242; x_wconf 76' lang='lat'><em>‚</em></span> <span class='ocrx_word' id='word_1_194' title='bbox 851 2202 919 2266; x_wconf 89' lang='lat' dir='ltr'>in</span> <span class='ocrx_word' id='word_1_195' title='bbox 974 2213 1255 2290; x_wconf 82' lang='lat' dir='ltr'>moneta</span> <span class='ocrx_word' id='word_1_196' title='bbox 1276 2206 1549 2285; x_wconf 83' lang='lat' dir='ltr'>Graeca,</span> <span class='ocrx_word' id='word_1_197' title='bbox 1616 2226 1781 2292; x_wconf 85' lang='lat' dir='ltr'>quae</span> <span class='ocrx_word' id='word_1_198' title='bbox 1834 2201 2085 2293; x_wconf 84' lang='lat' dir='ltr'>signata</span> <span class='ocrx_word' id='word_1_199' title='bbox 2134 2206 2252 2273; x_wconf 81' lang='lat' dir='ltr'>fuit</span> <span class='ocrx_word' id='word_1_200' title='bbox 2294 2207 2454 2272; x_wconf 83' lang='lat' dir='ltr'>.·.flo</span> <span class='ocrx_word' id='word_1_201' title='bbox 2491 2204 2641 2271; x_wconf 87' lang='lat' dir='ltr'>dum</span> <span class='ocrx_word' id='word_1_202' title='bbox 2682 2202 2839 2269; x_wconf 90' lang='lat' dir='ltr'>olim</span> <span class='ocrx_word' id='word_1_203' title='bbox 2888 2224 2971 2276; x_wconf 82' lang='lat' dir='ltr'>ex</span> <span class='ocrx_word' id='word_1_204' title='bbox 3009 2225 3207 2270; x_wconf 88' lang='lat' dir='ltr'>aeneo</span> <span class='ocrx_word' id='word_1_205' title='bbox 3253 2201 3604 2269; x_wconf 78' lang='lat' dir='ltr'>Alexandri</span> <span class='ocrx_word' id='word_1_206' title='bbox 3646 2204 3883 2284; x_wconf 76' lang='lat' dir='ltr'>Sev.1.</span> <span class='ocrx_word' id='word_1_207' title='bbox 3927 2203 4058 2270; x_wconf 86' lang='lat' dir='ltr'>for·</span> 
     </span>
    </p>
   </div>
   <div class='ocr_carea' id='block_1_10' title="bbox 800 2289 4150 3630">
    <p class='ocr_par' dir='ltr' id='par_1_11' title="bbox 851 2289 4112 2599">
     <span class='ocr_line' id='line_1_19' title="bbox 854 2289 4060 2393; baseline 0 -23"><span class='ocrx_word' id='word_1_208' title='bbox 854 2305 1136 2371; x_wconf 80' lang='lat' dir='ltr'>rentibus</span> <span class='ocrx_word' id='word_1_209' title='bbox 1188 2307 1493 2371; x_wconf 85' lang='lat' dir='ltr'>Graeciae</span> <span class='ocrx_word' id='word_1_210' title='bbox 1547 2306 1768 2386; x_wconf 84' lang='lat' dir='ltr'>rebus,</span> <span class='ocrx_word' id='word_1_211' title='bbox 1831 2317 1936 2373; x_wconf 86' lang='lat' dir='ltr'>aut</span> <span class='ocrx_word' id='word_1_212' title='bbox 1991 2307 2227 2374; x_wconf 87' lang='lat' dir='ltr'>saltem</span> <span class='ocrx_word' id='word_1_213' title='bbox 2262 2330 2421 2374; x_wconf 89' lang='lat' dir='ltr'>non·</span> <span class='ocrx_word' id='word_1_214' title='bbox 2489 2327 2628 2372; x_wconf 83' lang='lat' dir='ltr'>mae</span> <span class='ocrx_word' id='word_1_215' title='bbox 2672 2304 2852 2387; x_wconf 89' lang='lat' dir='ltr'>dedi,</span> <span class='ocrx_word' id='word_1_216' title='bbox 2908 2306 3026 2393; x_wconf 88' lang='lat' dir='ltr'>qui</span> <span class='ocrx_word' id='word_1_217' title='bbox 3073 2318 3174 2372; x_wconf 82' lang='lat' dir='ltr'>est</span> <span class='ocrx_word' id='word_1_218' title='bbox 3213 2306 3279 2372; x_wconf 91' lang='lat' dir='ltr'>in</span> <span class='ocrx_word' id='word_1_219' title='bbox 3322 2327 3540 2372; x_wconf 85' lang='lat' dir='ltr'>museo</span> <span class='ocrx_word' id='word_1_220' title='bbox 3547 2289 3679 2373; x_wconf 90' lang='lat' dir='ltr'>ill.</span> <span class='ocrx_word' id='word_1_221' title='bbox 3726 2307 3902 2380; x_wconf 64' lang='lat' dir='ltr'>cnm.</span> <span class='ocrx_word' id='word_1_222' title='bbox 3945 2307 4060 2372; x_wconf 87' lang='lat' dir='ltr'>Vi-</span> 
     </span>
     <span class='ocr_line' id='line_1_20' title="bbox 855 2403 4112 2502; baseline 0.001 -32"><span class='ocrx_word' id='word_1_223' title='bbox 855 2403 1005 2471; x_wconf 88' lang='lat' dir='ltr'>dum</span> <span class='ocrx_word' id='word_1_224' title='bbox 1049 2405 1234 2471; x_wconf 80' lang='lat' dir='ltr'>&#39;valde</span> <span class='ocrx_word' id='word_1_225' title='bbox 1270 2409 1533 2488; x_wconf 73' lang='lat' dir='ltr'>attritiS,</span> <span class='ocrx_word' id='word_1_226' title='bbox 1590 2419 1654 2473; x_wconf 85' lang='lat' dir='ltr'>et</span> <span class='ocrx_word' id='word_1_227' title='bbox 1707 2409 1761 2473; x_wconf 83' lang='lat' dir='ltr'>si</span> <span class='ocrx_word' id='word_1_228' title='bbox 1814 2409 1970 2495; x_wconf 89' lang='lat' dir='ltr'>quid</span> <span class='ocrx_word' id='word_1_229' title='bbox 2029 2409 2193 2476; x_wconf 88' lang='lat' dir='ltr'>forte</span> <span class='ocrx_word' id='word_1_230' title='bbox 2224 2411 2298 2474; x_wconf 86' lang='grc' dir='ltr'>ἰιι</span> <span class='ocrx_word' id='word_1_231' title='bbox 2347 2432 2424 2477; x_wconf 88' lang='lat' dir='ltr'>ea</span> <span class='ocrx_word' id='word_1_232' title='bbox 2481 2408 2612 2474; x_wconf 84' lang='lat' dir='ltr'>tzai</span> <span class='ocrx_word' id='word_1_233' title='bbox 2632 2409 2717 2489; x_wconf 80' lang='lat'>⁸),</span> <span class='ocrx_word' id='word_1_234' title='bbox 2773 2407 2840 2471; x_wconf 89' lang='lat' dir='ltr'>in</span> <span class='ocrx_word' id='word_1_235' title='bbox 2894 2412 3069 2493; x_wconf 84' lang='lat' dir='ltr'>cujus</span> <span class='ocrx_word' id='word_1_236' title='bbox 3123 2429 3343 2475; x_wconf 85' lang='lat' dir='ltr'>aversa</span> <span class='ocrx_word' id='word_1_237' title='bbox 3385 2415 3507 2473; x_wconf 73' lang='lat' dir='ltr'>est:</span> <span class='ocrx_word' id='word_1_238' title='bbox 3596 2405 3878 2474; x_wconf 85' lang='lat' dir='ltr'>PMRTI</span> <span class='ocrx_word' id='word_1_239' title='bbox 3922 2407 4112 2502; x_wconf 31' lang='lat' dir='ltr'>1³3-ss</span> 
     </span>
     <span class='ocr_line' id='line_1_21' title="bbox 851 2484 4058 2624; baseline 0.002 -51"><span class='ocrx_word' id='word_1_240' title='bbox 851 2484 1171 2574; x_wconf 79' lang='lat' dir='ltr'>videbitur</span> <span class='ocrx_word' id='word_1_241' title='bbox 1233 2519 1587 2624; x_wconf 84' lang='lat' dir='ltr'>peccatum,</span> <span class='ocrx_word' id='word_1_242' title='bbox 1678 2508 1964 2577; x_wconf 85' lang='lat' dir='ltr'>adhibito</span> <span class='ocrx_word' id='word_1_243' title='bbox 2037 2499 2249 2578; x_wconf 89' lang='lat' dir='ltr'>studio</span> <span class='ocrx_word' id='word_1_244' title='bbox 2317 2533 2423 2599; x_wconf 88' lang='lat' dir='ltr'>pa·</span> <span class='ocrx_word' id='word_1_245' title='bbox 2494 2507 2820 2576; x_wconf 87' lang='lat' dir='ltr'>CIFERP.</span> <span class='ocrx_word' id='word_1_246' title='bbox 2848 2509 2916 2576; x_wconf 93' lang='lat' dir='ltr'>S.</span> <span class='ocrx_word' id='word_1_247' title='bbox 2941 2503 3011 2575; x_wconf 84' lang='lat' dir='ltr'>C.</span> <span class='ocrx_word' id='word_1_248' title='bbox 3054 2509 3238 2580; x_wconf 64' lang='lat' dir='ltr'>Mem·</span> <span class='ocrx_word' id='word_1_249' title='bbox 3275 2514 3556 2597; x_wconf 68' lang='lat' dir='ltr'>galeam</span> <span class='ocrx_word' id='word_1_250' title='bbox 3597 2523 3766 2578; x_wconf 68' lang='lat' dir='ltr'>stam</span> <span class='ocrx_word' id='word_1_251' title='bbox 3803 2517 3861 2577; x_wconf 87' lang='lat' dir='ltr'>d.</span> <span class='ocrx_word' id='word_1_252' title='bbox 3892 2515 4058 2579; x_wconf 70' lang='lat' dir='ltr'>010oe</span> 
     </span>
    </p>

    <p class='ocr_par' dir='ltr' id='par_1_12' title="bbox 800 2605 4150 3620">
     <span class='ocr_line' id='line_1_22' title="bbox 853 2605 4150 2710; baseline 0.001 -35"><span class='ocrx_word' id='word_1_253' title='bbox 853 2618 987 2675; x_wconf 83' lang='lat' dir='ltr'>tere</span> <span class='ocrx_word' id='word_1_254' title='bbox 1039 2608 1434 2697; x_wconf 84' lang='lat' dir='ltr'>plerumque,</span> <span class='ocrx_word' id='word_1_255' title='bbox 1480 2605 1966 2679; x_wconf 78' lang='lat' dir='ltr'>absolvendum</span> <span class='ocrx_word' id='word_1_256' title='bbox 2011 2617 2156 2700; x_wconf 88' lang='lat' dir='ltr'>jure</span> <span class='ocrx_word' id='word_1_257' title='bbox 2210 2635 2424 2681; x_wconf 86' lang='lat' dir='ltr'>mone·</span> <span class='ocrx_word' id='word_1_258' title='bbox 2489 2635 2753 2693; x_wconf 80' lang='lat' dir='ltr'>ramum,</span> <span class='ocrx_word' id='word_1_259' title='bbox 2814 2634 2866 2679; x_wconf 72' lang='lat' dir='ltr'>a.</span> <span class='ocrx_word' id='word_1_260' title='bbox 2913 2614 3166 2679; x_wconf 66' lang='lat' dir='ltr'>limam.</span> <span class='ocrx_word' id='word_1_261' title='bbox 3255 2612 3587 2710; x_wconf 76' lang='lat' dir='ltr'>Habentur</span> <span class='ocrx_word' id='word_1_262' title='bbox 3624 2614 3810 2700; x_wconf 74' lang='lat' dir='ltr'>huJus</span> <span class='ocrx_word' id='word_1_263' title='bbox 3863 2614 4057 2702; x_wconf 78' lang='lat' dir='ltr'>impe·</span> <span class='ocrx_word' id='word_1_264' title='bbox 4127 2662 4150 2678; x_wconf 68' lang='grc'><strong>.</strong></span> 
     </span>
     <span class='ocr_line' id='line_1_23' title="bbox 854 2711 4058 2804; baseline 0.001 -26"><span class='ocrx_word' id='word_1_265' title='bbox 854 2711 1099 2778; x_wconf 83' lang='lat' dir='ltr'>tarium.</span> <span class='ocrx_word' id='word_1_266' title='bbox 1187 2712 1294 2776; x_wconf 90' lang='lat' dir='ltr'>Sic</span> <span class='ocrx_word' id='word_1_267' title='bbox 1347 2719 1483 2778; x_wconf 72' lang='lat' dir='ltr'>cum</span> <span class='ocrx_word' id='word_1_268' title='bbox 1529 2713 1891 2782; x_wconf 86' lang='lat' dir='ltr'>Florentiae</span> <span class='ocrx_word' id='word_1_269' title='bbox 1940 2717 2010 2788; x_wconf 85' lang='lat' dir='ltr'>in</span> <span class='ocrx_word' id='word_1_270' title='bbox 2064 2737 2282 2784; x_wconf 87' lang='lat' dir='ltr'>museo</span> <span class='ocrx_word' id='word_1_271' title='bbox 2326 2716 2423 2783; x_wconf 89' lang='grc' dir='ltr'>Μ.</span> <span class='ocrx_word' id='word_1_272' title='bbox 2491 2716 2765 2782; x_wconf 86' lang='lat' dir='ltr'>ratoris</span> <span class='ocrx_word' id='word_1_273' title='bbox 2806 2716 2978 2782; x_wconf 90' lang='lat' dir='ltr'>numi</span> <span class='ocrx_word' id='word_1_274' title='bbox 3063 2737 3202 2781; x_wconf 88' lang='lat' dir='ltr'>cum</span> <span class='ocrx_word' id='word_1_275' title='bbox 3274 2715 3500 2784; x_wconf 88' lang='lat' dir='ltr'>eodem</span> <span class='ocrx_word' id='word_1_276' title='bbox 3568 2717 3798 2783; x_wconf 78' lang='lat' dir='ltr'>Martis</span> <span class='ocrx_word' id='word_1_277' title='bbox 3870 2725 4058 2804; x_wconf 77' lang='lat' dir='ltr'>type,</span> 
     </span>
     <span class='ocr_line' id='line_1_24' title="bbox 853 2805 4059 2910; baseline 0.002 -32"><span class='ocrx_word' id='word_1_278' title='bbox 853 2813 1051 2879; x_wconf 86' lang='lat' dir='ltr'>Ducis</span> <span class='ocrx_word' id='word_1_279' title='bbox 1102 2812 1446 2886; x_wconf 77' lang='lat' dir='ltr'>inciderem</span> <span class='ocrx_word' id='word_1_280' title='bbox 1512 2816 1597 2883; x_wconf 89' lang='lat' dir='ltr'>in</span> <span class='ocrx_word' id='word_1_281' title='bbox 1633 2839 1889 2908; x_wconf 79' lang='lat' dir='ltr'>numum</span> <span class='ocrx_word' id='word_1_282' title='bbox 1939 2819 2436 2910; x_wconf 59' lang='lat' dir='ltr'>Thespiensium„</span> <span class='ocrx_word' id='word_1_283' title='bbox 2493 2840 2758 2906; x_wconf 89' lang='lat' dir='ltr'>quorum</span> <span class='ocrx_word' id='word_1_284' title='bbox 2828 2817 2935 2883; x_wconf 80' lang='lat' dir='ltr'>alii</span> <span class='ocrx_word' id='word_1_285' title='bbox 2987 2805 3439 2885; x_wconf 78' lang='lat' dir='ltr'>inscribuntur.</span> <span class='ocrx_word' id='word_1_286' title='bbox 3527 2818 3596 2884; x_wconf 91' lang='grc' dir='ltr'>Ρ.</span> <span class='ocrx_word' id='word_1_287' title='bbox 3649 2818 3745 2887; x_wconf 88' lang='lat' dir='ltr'>M.</span> <span class='ocrx_word' id='word_1_288' title='bbox 3785 2819 3931 2884; x_wconf 92' lang='lat' dir='ltr'>TR.</span> <span class='ocrx_word' id='word_1_289' title='bbox 3989 2818 4059 2884; x_wconf 85' lang='grc' dir='ltr'>Ρ.</span> 
     </span>
     <span class='ocr_line' id='line_1_25' title="bbox 853 2913 4080 3005; baseline 0.002 -23"><span class='ocrx_word' id='word_1_290' title='bbox 853 2916 1234 3002; x_wconf 83' lang='lat' dir='ltr'>elegantem,</span> <span class='ocrx_word' id='word_1_291' title='bbox 1301 2926 1364 2983; x_wconf 86' lang='lat' dir='ltr'>et</span> <span class='ocrx_word' id='word_1_292' title='bbox 1416 2923 1840 3005; x_wconf 79' lang='lat' dir='ltr'>pervetustum</span> <span class='ocrx_word' id='word_1_293' title='bbox 1892 2942 2033 2987; x_wconf 88' lang='lat' dir='ltr'>cum</span> <span class='ocrx_word' id='word_1_294' title='bbox 2086 2921 2421 3003; x_wconf 75' lang='lat' dir='ltr'>insolente,</span> <span class='ocrx_word' id='word_1_295' title='bbox 2496 2922 2698 2990; x_wconf 91' lang='lat' dir='ltr'>COS.</span> <span class='ocrx_word' id='word_1_296' title='bbox 2727 2921 2802 2989; x_wconf 95' lang='grc' dir='ltr'>Ρ.</span> <span class='ocrx_word' id='word_1_297' title='bbox 2845 2919 2947 3000; x_wconf 89' lang='grc' dir='ltr'><strong>Ρ.,</strong></span> <span class='ocrx_word' id='word_1_298' title='bbox 3026 2919 3167 2985; x_wconf 88' lang='lat' dir='ltr'>alii:</span> <span class='ocrx_word' id='word_1_299' title='bbox 3235 2913 4080 2989; x_wconf 75' lang='lat' dir='ltr'>MART1.PACOEERO:</span> 
     </span>
     <span class='ocr_line' id='line_1_26' title="bbox 854 3014 4058 3112; baseline 0.001 -26"><span class='ocrx_word' id='word_1_300' title='bbox 854 3018 970 3086; x_wconf 78' lang='lat' dir='ltr'>sed</span> <span class='ocrx_word' id='word_1_301' title='bbox 1013 3019 1330 3087; x_wconf 86' lang='lat' dir='ltr'>luculenta</span> <span class='ocrx_word' id='word_1_302' title='bbox 1373 3021 1715 3109; x_wconf 78' lang='lat' dir='ltr'>epigraphe</span> <span class='ocrx_word' id='word_1_303' title='bbox 1762 3023 2316 3114; x_wconf 80' lang='grc' dir='ltr'><em>ΘΕΣΠΙΚΟΝ,</em></span> <span class='ocrx_word' id='word_1_304' title='bbox 2358 3025 2426 3089; x_wconf 90' lang='lat' dir='ltr'>in</span> <span class='ocrx_word' id='word_1_305' title='bbox 2490 3014 2594 3090; x_wconf 86' lang='lat' dir='ltr'>Ex</span> <span class='ocrx_word' id='word_1_306' title='bbox 2662 3045 2790 3112; x_wconf 90' lang='lat' dir='ltr'>quo</span> <span class='ocrx_word' id='word_1_307' title='bbox 2863 3031 3066 3109; x_wconf 86' lang='lat' dir='ltr'>patet,</span> <span class='ocrx_word' id='word_1_308' title='bbox 3139 3024 3592 3103; x_wconf 74' lang='lat' dir='ltr'>monetarium,</span> <span class='ocrx_word' id='word_1_309' title='bbox 3659 3044 3822 3090; x_wconf 72' lang='lat' dir='ltr'>cum</span> <span class='ocrx_word' id='word_1_310' title='bbox 3886 3025 4058 3110; x_wconf 87' lang='lat' dir='ltr'>prio·</span> 
     </span>
     <span class='ocr_line' id='line_1_27' title="bbox 803 3109 4060 3213; baseline 0 -25"><span class='ocrx_word' id='word_1_311' title='bbox 803 3130 811 3138; x_wconf 86' lang='lat'>&#39;</span> <span class='ocrx_word' id='word_1_312' title='bbox 854 3141 935 3188; x_wconf 92' lang='lat' dir='ltr'>eo</span> <span class='ocrx_word' id='word_1_313' title='bbox 1012 3141 1209 3203; x_wconf 87' lang='lat' dir='ltr'>eram,</span> <span class='ocrx_word' id='word_1_314' title='bbox 1261 3132 1411 3190; x_wconf 86' lang='lat' dir='ltr'>..ut</span> <span class='ocrx_word' id='word_1_315' title='bbox 1443 3122 1981 3192; x_wconf 84' lang='lat' dir='ltr'>condemnarem</span> <span class='ocrx_word' id='word_1_316' title='bbox 2010 3109 2426 3193; x_wconf 66' lang='lat' dir='ltr'>monetarium</span> <span class='ocrx_word' id='word_1_317' title='bbox 2491 3148 2623 3194; x_wconf 86' lang='lat' dir='ltr'>rem</span> <span class='ocrx_word' id='word_1_318' title='bbox 2687 3123 3075 3213; x_wconf 80' lang='lat' dir='ltr'>epigraphen</span> <span class='ocrx_word' id='word_1_319' title='bbox 3133 3123 3488 3211; x_wconf 76' lang='lat' dir='ltr'>insculpere</span> <span class='ocrx_word' id='word_1_320' title='bbox 3557 3124 3796 3190; x_wconf 87' lang='lat' dir='ltr'>matrici</span> <span class='ocrx_word' id='word_1_321' title='bbox 3863 3123 4060 3206; x_wconf 85' lang='lat' dir='ltr'>medi·</span> 
     </span>
     <span class='ocr_line' id='line_1_28' title="bbox 836 3224 4060 3312; baseline 0.002 -23"><span class='ocrx_word' id='word_1_322' title='bbox 836 3224 931 3289; x_wconf 84' lang='lat' dir='ltr'>‘K</span> <span class='ocrx_word' id='word_1_323' title='bbox 1004 3245 1123 3311; x_wconf 89' lang='lat' dir='ltr'>pro</span> <span class='ocrx_word' id='word_1_324' title='bbox 1190 3226 1283 3289; x_wconf 85' lang='grc' dir='ltr'><em>Ε</em></span> <span class='ocrx_word' id='word_1_325' title='bbox 1319 3225 1768 3307; x_wconf 84' lang='lat' dir='ltr'>intrudentem3</span> <span class='ocrx_word' id='word_1_326' title='bbox 1856 3247 2070 3298; x_wconf 81' lang='lat' dir='ltr'>verum</span> <span class='ocrx_word' id='word_1_327' title='bbox 2156 3228 2426 3295; x_wconf 86' lang='lat' dir='ltr'>conlatis</span> <span class='ocrx_word' id='word_1_328' title='bbox 2492 3233 2753 3309; x_wconf 67' lang='lat' dir='ltr'>teretur,</span> <span class='ocrx_word' id='word_1_329' title='bbox 2809 3226 2998 3292; x_wconf 83' lang='lat' dir='ltr'>finitis</span> <span class='ocrx_word' id='word_1_330' title='bbox 3042 3229 3178 3310; x_wconf 84' lang='lat' dir='ltr'>jam</span> <span class='ocrx_word' id='word_1_331' title='bbox 3207 3226 3535 3312; x_wconf 84' lang='lat' dir='ltr'>prionbus</span> <span class='ocrx_word' id='word_1_332' title='bbox 3579 3225 3747 3294; x_wconf 76' lang='lat' dir='ltr'>binis</span> <span class='ocrx_word' id='word_1_333' title='bbox 3789 3225 4060 3294; x_wconf 85' lang='lat' dir='ltr'>clemen</span> 
     </span>
     <span class='ocr_line' id='line_1_29' title="bbox 800 3301 4062 3416; baseline 0 -22"><span class='ocrx_word' id='word_1_334' title='bbox 800 3317 807 3324; x_wconf 61' lang='grc'><strong>’</strong></span> <span class='ocrx_word' id='word_1_335' title='bbox 853 3325 993 3394; x_wconf 82' lang='lat' dir='ltr'>aliis</span> <span class='ocrx_word' id='word_1_336' title='bbox 1080 3327 1388 3415; x_wconf 84' lang='lat' dir='ltr'>exemplis</span> <span class='ocrx_word' id='word_1_337' title='bbox 1454 3329 2010 3412; x_wconf 83' lang='lat' dir='ltr'>NATIAIKON,</span> <span class='ocrx_word' id='word_1_338' title='bbox 2110 3331 2425 3397; x_wconf 77' lang='grc' dir='ltr'><strong>ΤΕΡΣῙ·</strong></span> <span class='ocrx_word' id='word_1_339' title='bbox 2494 3332 2573 3398; x_wconf 87' lang='lat' dir='ltr'>tis</span> <span class='ocrx_word' id='word_1_340' title='bbox 2629 3329 2711 3395; x_wconf 92' lang='lat' dir='ltr'>ad</span> <span class='ocrx_word' id='word_1_341' title='bbox 2767 3328 3025 3394; x_wconf 87' lang='lat' dir='ltr'>alteram</span> <span class='ocrx_word' id='word_1_342' title='bbox 3078 3301 3417 3416; x_wconf 80' lang='lat' dir='ltr'>dilapsum,</span> <span class='ocrx_word' id='word_1_343' title='bbox 3481 3349 3682 3415; x_wconf 86' lang='lat' dir='ltr'>eaque</span> <span class='ocrx_word' id='word_1_344' title='bbox 3737 3327 4062 3396; x_wconf 82' lang='lat' dir='ltr'>continua·</span> 
     </span>
     <span class='ocr_line' id='line_1_30' title="bbox 855 3421 4066 3520; baseline 0.002 -28"><span class='ocrx_word' id='word_1_345' title='bbox 855 3428 1085 3509; x_wconf 54' lang='lat' dir='ltr'>Kos»,</span> <span class='ocrx_word' id='word_1_346' title='bbox 1146 3429 1595 3496; x_wconf 83' lang='grc' dir='ltr'><em>ΦΕΝΙΚΟΝ</em></span> <span class='ocrx_word' id='word_1_347' title='bbox 1627 3439 1741 3498; x_wconf 90' lang='lat' dir='ltr'>etc.</span> <span class='ocrx_word' id='word_1_348' title='bbox 1781 3430 2044 3512; x_wconf 85' lang='lat' dir='ltr'>edoctus</span> <span class='ocrx_word' id='word_1_349' title='bbox 2088 3421 2272 3510; x_wconf 81' lang='lat' dir='ltr'>facile</span> <span class='ocrx_word' id='word_1_350' title='bbox 2316 3430 2423 3514; x_wconf 87' lang='lat' dir='ltr'>fui,</span> <span class='ocrx_word' id='word_1_351' title='bbox 2494 3443 2560 3499; x_wconf 87' lang='lat' dir='ltr'>ta</span> <span class='ocrx_word' id='word_1_352' title='bbox 2600 3453 2720 3520; x_wconf 92' lang='lat' dir='ltr'>pro</span> <span class='ocrx_word' id='word_1_353' title='bbox 2753 3430 2844 3496; x_wconf 93' lang='grc' dir='ltr'><strong>Ο</strong></span> <span class='ocrx_word' id='word_1_354' title='bbox 2856 3431 2924 3496; x_wconf 90' lang='lat' dir='ltr'>in</span> <span class='ocrx_word' id='word_1_355' title='bbox 2966 3428 3091 3495; x_wconf 87' lang='lat' dir='ltr'>fine</span> <span class='ocrx_word' id='word_1_356' title='bbox 3133 3432 3346 3518; x_wconf 81' lang='lat' dir='ltr'>posito</span> <span class='ocrx_word' id='word_1_357' title='bbox 3391 3445 3474 3497; x_wconf 80' lang='lat' dir='ltr'>ex</span> <span class='ocrx_word' id='word_1_358' title='bbox 3497 3430 3753 3508; x_wconf 81' lang='lat' dir='ltr'>intenta</span> <span class='ocrx_word' id='word_1_359' title='bbox 3795 3431 4066 3518; x_wconf 85' lang='lat' dir='ltr'>primum</span> 
     </span>
     <span class='ocr_line' id='line_1_31' title="bbox 856 3528 4100 3630; baseline 0.003 -37"><span class='ocrx_word' id='word_1_360' title='bbox 856 3528 1268 3595; x_wconf 84' lang='lat' dir='ltr'>monetarium</span> <span class='ocrx_word' id='word_1_361' title='bbox 1311 3531 1376 3596; x_wconf 90' lang='lat' dir='ltr'>in</span> <span class='ocrx_word' id='word_1_362' title='bbox 1419 3531 1546 3595; x_wconf 86' lang='lat' dir='ltr'>hoc</span> <span class='ocrx_word' id='word_1_363' title='bbox 1588 3552 1779 3596; x_wconf 88' lang='lat' dir='ltr'>numo</span> <span class='ocrx_word' id='word_1_364' title='bbox 1820 3554 1999 3598; x_wconf 86' lang='lat' dir='ltr'>usum</span> <span class='ocrx_word' id='word_1_365' title='bbox 2042 3534 2239 3600; x_wconf 85' lang='lat' dir='ltr'>verbo</span> <span class='ocrx_word' id='word_1_366' title='bbox 2286 3557 2428 3613; x_wconf 83' lang='grc' dir='ltr'><em>κτη-</em></span> <span class='ocrx_word' id='word_1_367' title='bbox 2494 3529 2909 3620; x_wconf 78' lang='lat' dir='ltr'>inscriptione</span> <span class='ocrx_word' id='word_1_368' title='bbox 2966 3533 3283 3619; x_wconf 83' lang='lat' dir='ltr'>recepisse</span> <span class='ocrx_word' id='word_1_369' title='bbox 3335 3532 3580 3630; x_wconf 80' lang='lat' dir='ltr'>literam</span> <span class='ocrx_word' id='word_1_370' title='bbox 3635 3533 3708 3602; x_wconf 89' lang='lat' dir='ltr'>P.</span> <span class='ocrx_word' id='word_1_371' title='bbox 3808 3531 4100 3602; x_wconf 56' lang='lat' dir='ltr'>necent»</span> 
     </span>
    </p>
   </div>
   <div class='ocr_carea' id='block_1_11' title="bbox 738 3617 4142 3724">
    <p class='ocr_par' dir='ltr' id='par_1_13' title="bbox 738 3617 4142 3724">
     <span class='ocr_line' id='line_1_32' title="bbox 738 3617 4142 3724; baseline 0.002 -28"><span class='ocrx_word' id='word_1_372' title='bbox 738 3645 745 3648; x_wconf 73' lang='grc'><strong>’</strong></span> <span class='ocrx_word' id='word_1_373' title='bbox 856 3654 1016 3713; x_wconf 81' lang='grc' dir='ltr'><strong>τικῳ</strong></span> <span class='ocrx_word' id='word_1_374' title='bbox 1059 3651 1180 3722; x_wconf 86' lang='lat' dir='ltr'>pro</span> <span class='ocrx_word' id='word_1_375' title='bbox 1228 3623 1497 3716; x_wconf 71' lang='grc' dir='ltr'><strong>ἐθνικῳ.</strong></span> <span class='ocrx_word' id='word_1_376' title='bbox 1565 3631 1733 3698; x_wconf 87' lang='lat' dir='ltr'>Vide</span> <span class='ocrx_word' id='word_1_377' title='bbox 1776 3631 1942 3699; x_wconf 90' lang='lat' dir='ltr'>dicta</span> <span class='ocrx_word' id='word_1_378' title='bbox 1985 3636 2188 3721; x_wconf 88' lang='lat' dir='ltr'>capite</span> <span class='ocrx_word' id='word_1_379' title='bbox 2217 3634 2427 3702; x_wconf 86' lang='lat' dir='ltr'>XVII.</span> <span class='ocrx_word' id='word_1_380' title='bbox 2495 3636 2653 3703; x_wconf 91' lang='lat' dir='ltr'>haec</span> <span class='ocrx_word' id='word_1_381' title='bbox 2693 3621 3012 3723; x_wconf 83' lang='lat' dir='ltr'>exempla,</span> <span class='ocrx_word' id='word_1_382' title='bbox 3058 3627 3285 3700; x_wconf 77' lang='lat' dir='ltr'>frustra</span> <span class='ocrx_word' id='word_1_383' title='bbox 3328 3646 3469 3704; x_wconf 82' lang='lat' dir='ltr'>esse</span> <span class='ocrx_word' id='word_1_384' title='bbox 3513 3617 3657 3722; x_wconf 71' lang='lat' dir='ltr'>ebs,</span> <span class='ocrx_word' id='word_1_385' title='bbox 3704 3637 3811 3724; x_wconf 86' lang='lat' dir='ltr'>qui</span> <span class='ocrx_word' id='word_1_386' title='bbox 3851 3637 3918 3702; x_wconf 90' lang='lat' dir='ltr'>in</span> <span class='ocrx_word' id='word_1_387' title='bbox 3959 3637 4066 3704; x_wconf 84' lang='lat' dir='ltr'>his</span> <span class='ocrx_word' id='word_1_388' title='bbox 4127 3661 4142 3670; x_wconf 73' lang='grc'><em>“</em></span> 
     </span>
    </p>
   </div>
   <div class='ocr_carea' id='block_1_12' title="bbox 762 3731 4068 4134">
    <p class='ocr_par' dir='ltr' id='par_1_14' title="bbox 796 3731 4068 3926">
     <span class='ocr_line' id='line_1_33' title="bbox 796 3731 4068 3825; baseline 0.001 -23"><span class='ocrx_word' id='word_1_389' title='bbox 796 3779 811 3785; x_wconf 93' lang='grc'>-</span> <span class='ocrx_word' id='word_1_390' title='bbox 859 3735 892 3815; x_wconf 86' lang='lat'>§</span> <span class='ocrx_word' id='word_1_391' title='bbox 938 3738 997 3802; x_wconf 89' lang='grc'>8.</span> <span class='ocrx_word' id='word_1_392' title='bbox 1082 3732 1367 3799; x_wconf 86' lang='lat' dir='ltr'>Eandem</span> <span class='ocrx_word' id='word_1_393' title='bbox 1424 3731 1673 3816; x_wconf 82' lang='lat' dir='ltr'>laudem</span> <span class='ocrx_word' id='word_1_394' title='bbox 1706 3735 1847 3802; x_wconf 84' lang='lat' dir='ltr'>sibi</span> <span class='ocrx_word' id='word_1_395' title='bbox 1890 3736 2161 3803; x_wconf 85' lang='lat' dir='ltr'>vindicat</span> <span class='ocrx_word' id='word_1_396' title='bbox 2212 3743 2427 3804; x_wconf 79' lang='lat' dir='ltr'>mone·</span> <span class='ocrx_word' id='word_1_397' title='bbox 2447 3738 2589 3804; x_wconf 91' lang='lat' dir='ltr'>rei</span> <span class='ocrx_word' id='word_1_398' title='bbox 2658 3736 3122 3803; x_wconf 82' lang='lat' dir='ltr'>numismaticae</span> <span class='ocrx_word' id='word_1_399' title='bbox 3193 3736 3522 3805; x_wconf 75' lang='lat' dir='ltr'>abortibus</span> <span class='ocrx_word' id='word_1_400' title='bbox 3602 3738 3816 3806; x_wconf 84' lang='lat' dir='ltr'>nescio</span> <span class='ocrx_word' id='word_1_401' title='bbox 3905 3738 4068 3825; x_wconf 78' lang='lat' dir='ltr'>quid</span> 
     </span>
     <span class='ocr_line' id='line_1_34' title="bbox 854 3831 4065 3926; baseline 0.002 -23"><span class='ocrx_word' id='word_1_402' title='bbox 854 3844 921 3903; x_wconf 86' lang='lat' dir='ltr'>ta</span> <span class='ocrx_word' id='word_1_403' title='bbox 985 3834 1317 3918; x_wconf 83' lang='lat' dir='ltr'>Roma&#39;na,</span> <span class='ocrx_word' id='word_1_404' title='bbox 1380 3857 1607 3925; x_wconf 86' lang='lat' dir='ltr'>quam·</span> <span class='ocrx_word' id='word_1_405' title='bbox 1635 3837 2059 3921; x_wconf 86' lang='lat' dir='ltr'>consularem,</span> <span class='ocrx_word' id='word_1_406' title='bbox 2130 3831 2193 3905; x_wconf 90' lang='lat' dir='ltr'>et</span> <span class='ocrx_word' id='word_1_407' title='bbox 2257 3838 2428 3904; x_wconf 84' lang='lat' dir='ltr'>fami·</span> <span class='ocrx_word' id='word_1_408' title='bbox 2496 3837 2864 3905; x_wconf 87' lang='lat' dir='ltr'>eruditionis</span> <span class='ocrx_word' id='word_1_409' title='bbox 2919 3837 3283 3905; x_wconf 86' lang='lat' dir='ltr'>reconditae</span> <span class='ocrx_word' id='word_1_410' title='bbox 3336 3850 3746 3926; x_wconf 82' lang='lat' dir='ltr'>augurantur,</span> <span class='ocrx_word' id='word_1_411' title='bbox 3803 3850 3865 3908; x_wconf 89' lang='lat' dir='ltr'>et</span> <span class='ocrx_word' id='word_1_412' title='bbox 3919 3857 4065 3910; x_wconf 79' lang='lat' dir='ltr'>cum</span> 
     </span>
    </p>

    <p class='ocr_par' dir='ltr' id='par_1_15' title="bbox 762 3923 4067 4134">
     <span class='ocr_line' id='line_1_35' title="bbox 808 3923 4067 4030; baseline 0.001 -26"><span class='ocrx_word' id='word_1_413' title='bbox 808 3961 835 3980; x_wconf 54' lang='grc' dir='ltr'><em>Ι</em></span> <span class='ocrx_word' id='word_1_414' title='bbox 860 3937 1141 4004; x_wconf 76' lang='lat' dir='ltr'>liartim</span> <span class='ocrx_word' id='word_1_415' title='bbox 1153 3945 1482 4021; x_wconf 84' lang='lat' dir='ltr'>vocamus,</span> <span class='ocrx_word' id='word_1_416' title='bbox 1498 3939 1767 4008; x_wconf 91' lang='lat' dir='ltr'>modo</span> <span class='ocrx_word' id='word_1_417' title='bbox 1843 3962 2063 4007; x_wconf 88' lang='lat' dir='ltr'>numus</span> <span class='ocrx_word' id='word_1_418' title='bbox 2138 3923 2428 4008; x_wconf 84' lang='lat' dir='ltr'>subaera·</span> <span class='ocrx_word' id='word_1_419' title='bbox 2489 3964 2610 4009; x_wconf 83' lang='lat' dir='ltr'>eos</span> <span class='ocrx_word' id='word_1_420' title='bbox 2662 3951 2955 4030; x_wconf 87' lang='lat' dir='ltr'>tanquam</span> <span class='ocrx_word' id='word_1_421' title='bbox 3008 3952 3300 4029; x_wconf 86' lang='lat' dir='ltr'>portenta</span> <span class='ocrx_word' id='word_1_422' title='bbox 3354 3941 3659 4029; x_wconf 81' lang='lat' dir='ltr'>despuere</span> <span class='ocrx_word' id='word_1_423' title='bbox 3718 3951 4067 4030; x_wconf 83' lang='lat' dir='ltr'>oporteret,</span> 
     </span>
     <span class='ocr_line' id='line_1_36' title="bbox 762 4033 4065 4134; baseline 0.002 -27"><span class='ocrx_word' id='word_1_424' title='bbox 762 4105 768 4114; x_wconf 82' lang='grc'><strong>,</strong></span> <span class='ocrx_word' id='word_1_425' title='bbox 858 4050 959 4107; x_wconf 83' lang='lat' dir='ltr'>tus</span> <span class='ocrx_word' id='word_1_426' title='bbox 1014 4063 1146 4107; x_wconf 89' lang='lat' dir='ltr'>non</span> <span class='ocrx_word' id='word_1_427' title='bbox 1201 4042 1304 4109; x_wconf 89' lang='lat' dir='ltr'>sit.</span> <span class='ocrx_word' id='word_1_428' title='bbox 1397 4042 1700 4109; x_wconf 82' lang='lat' dir='ltr'>Graecam</span> <span class='ocrx_word' id='word_1_429' title='bbox 1753 4044 1952 4111; x_wconf 83' lang='lat' dir='ltr'>serius</span> <span class='ocrx_word' id='word_1_430' title='bbox 2007 4044 2287 4133; x_wconf 85' lang='lat' dir='ltr'>corrupit</span> <span class='ocrx_word' id='word_1_431' title='bbox 2337 4043 2432 4110; x_wconf 87' lang='lat' dir='ltr'>in·</span> <span class='ocrx_word' id='word_1_432' title='bbox 2497 4033 2726 4134; x_wconf 85' lang='lat' dir='ltr'>dignos</span> <span class='ocrx_word' id='word_1_433' title='bbox 2771 4037 2988 4114; x_wconf 82' lang='lat' dir='ltr'>subtili</span> <span class='ocrx_word' id='word_1_434' title='bbox 3039 4044 3460 4134; x_wconf 86' lang='lat' dir='ltr'>explicatione</span> <span class='ocrx_word' id='word_1_435' title='bbox 3502 4054 3739 4132; x_wconf 81' lang='lat' dir='ltr'>putant.</span> <span class='ocrx_word' id='word_1_436' title='bbox 3824 4044 4065 4113; x_wconf 76' lang='lat' dir='ltr'>Similis</span> 
     </span>
    </p>
   </div>
   <div class='ocr_carea' id='block_1_13' title="bbox 749 4137 4060 4259">
    <p class='ocr_par' dir='ltr' id='par_1_16' title="bbox 749 4137 4060 4259">
     <span class='ocr_line' id='line_1_37' title="bbox 749 4137 4060 4259; baseline 0.002 -53"><span class='ocrx_word' id='word_1_437' title='bbox 749 4202 753 4206; x_wconf 78' lang='grc'><strong>,</strong></span> <span class='ocrx_word' id='word_1_438' title='bbox 858 4137 1111 4259; x_wconf 79' lang='lat' dir='ltr'>gr&#39;uens</span> <span class='ocrx_word' id='word_1_439' title='bbox 1175 4144 1529 4228; x_wconf 75' lang='lat' dir='ltr'>barbarice,</span> <span class='ocrx_word' id='word_1_440' title='bbox 1621 4141 2003 4214; x_wconf 87' lang='lat' dir='ltr'>Romanam‘</span> <span class='ocrx_word' id='word_1_441' title='bbox 2057 4157 2272 4214; x_wconf 89' lang='lat' dir='ltr'>auctus</span> <span class='ocrx_word' id='word_1_442' title='bbox 2359 4148 2427 4214; x_wconf 91' lang='lat' dir='ltr'>in</span> <span class='ocrx_word' id='word_1_443' title='bbox 2492 4147 2750 4216; x_wconf 86' lang='lat' dir='ltr'>naturae</span> <span class='ocrx_word' id='word_1_444' title='bbox 2843 4168 3072 4234; x_wconf 84' lang='lat' dir='ltr'>numus</span> <span class='ocrx_word' id='word_1_445' title='bbox 3169 4147 3322 4216; x_wconf 88' lang='lat' dir='ltr'>olim</span> <span class='ocrx_word' id='word_1_446' title='bbox 3407 4146 3689 4214; x_wconf 83' lang='lat' dir='ltr'>Lutetiae</span> <span class='ocrx_word' id='word_1_447' title='bbox 3776 4141 4060 4230; x_wconf 78' lang='lat' dir='ltr'>emersit·</span> 
     </span>
    </p>
   </div>
   <div class='ocr_carea' id='block_1_14' title="bbox 858 4225 4180 4458">
    <p class='ocr_par' dir='ltr' id='par_1_17' title="bbox 858 4225 4180 4438">
     <span class='ocr_line' id='line_1_38' title="bbox 858 4225 4060 4352; baseline 0.002 -44"><span class='ocrx_word' id='word_1_448' title='bbox 858 4233 1225 4312; x_wconf 83' lang='lat' dir='ltr'>immensum</span> <span class='ocrx_word' id='word_1_449' title='bbox 1309 4247 1795 4317; x_wconf 74' lang='lat' dir='ltr'>m&#39;on&#39;etariorum</span> <span class='ocrx_word' id='word_1_450' title='bbox 1867 4272 2196 4352; x_wconf 59' lang='lat' dir='ltr'>numana,</span> <span class='ocrx_word' id='word_1_451' title='bbox 2288 4247 2423 4318; x_wconf 85' lang='lat' dir='ltr'>offi·</span> <span class='ocrx_word' id='word_1_452' title='bbox 2492 4239 2671 4318; x_wconf 88' lang='lat' dir='ltr'>IMP.</span> <span class='ocrx_word' id='word_1_453' title='bbox 2693 4231 2810 4317; x_wconf 68' lang='lat' dir='ltr'>T.</span> <span class='ocrx_word' id='word_1_454' title='bbox 2829 4225 3082 4316; x_wconf 77' lang='lat' dir='ltr'>CAES</span> <span class='ocrx_word' id='word_1_455' title='bbox 3128 4248 3367 4317; x_wconf 84' lang='lat' dir='ltr'>VESP.</span> <span class='ocrx_word' id='word_1_456' title='bbox 3410 4229 3613 4314; x_wconf 80' lang='lat' dir='ltr'>AVG.</span> <span class='ocrx_word' id='word_1_457' title='bbox 3660 4249 3728 4315; x_wconf 89' lang='lat' dir='ltr'>P.</span> <span class='ocrx_word' id='word_1_458' title='bbox 3774 4247 3871 4315; x_wconf 89' lang='grc' dir='ltr'>Μ.</span> <span class='ocrx_word' id='word_1_459' title='bbox 3915 4247 4060 4314; x_wconf 85' lang='lat' dir='ltr'>TR.</span> 
     </span>
     <span class='ocr_line' id='line_1_39' title="bbox 861 4346 4180 4458; baseline 0.002 -46"><span class='ocrx_word' id='word_1_460' title='bbox 861 4346 1038 4414; x_wconf 84' lang='lat' dir='ltr'>cinae</span> <span class='ocrx_word' id='word_1_461' title='bbox 1098 4369 1215 4435; x_wconf 88' lang='lat' dir='ltr'>per</span> <span class='ocrx_word' id='word_1_462' title='bbox 1280 4351 1641 4438; x_wconf 82' lang='lat' dir='ltr'>provincias</span> <span class='ocrx_word' id='word_1_463' title='bbox 1698 4353 2106 4436; x_wconf 80' lang='lat' dir='ltr'>distributae,</span> <span class='ocrx_word' id='word_1_464' title='bbox 2190 4354 2426 4420; x_wconf 83' lang='lat' dir='ltr'>omissa</span> <span class='ocrx_word' id='word_1_465' title='bbox 2494 4353 2562 4419; x_wconf 90' lang='lat' dir='ltr'>P.</span> <span class='ocrx_word' id='word_1_466' title='bbox 2596 4353 2780 4420; x_wconf 91' lang='lat' dir='ltr'>COS.</span> <span class='ocrx_word' id='word_1_467' title='bbox 2809 4351 2983 4458; x_wconf 87' lang='lat' dir='ltr'>VIII.</span> <span class='ocrx_word' id='word_1_468' title='bbox 3035 4354 3234 4437; x_wconf 64' lang='lat' dir='ltr'>Caput</span> <span class='ocrx_word' id='word_1_469' title='bbox 3279 4353 3396 4418; x_wconf 70' lang='lat' dir='ltr'>&#39;mi</span> <span class='ocrx_word' id='word_1_470' title='bbox 3433 4354 3590 4419; x_wconf 78' lang='lat' dir='ltr'>laur.</span> <span class='ocrx_word' id='word_1_471' title='bbox 3636 4353 3712 4436; x_wconf 72' lang='lat' dir='ltr'>J(</span> <span class='ocrx_word' id='word_1_472' title='bbox 3753 4349 4062 4430; x_wconf 78' lang='lat' dir='ltr'>AERES.</span> <span class='ocrx_word' id='word_1_473' title='bbox 4161 4355 4180 4366; x_wconf 83' lang='grc'><strong><em>’</em></strong></span> 
     </span>
    </p>
   </div>
   <div class='ocr_carea' id='block_1_15' title="bbox 993 4566 1674 4637">
    <p class='ocr_par' dir='ltr' id='par_1_18' title="bbox 993 4566 1674 4637">
     <span class='ocr_line' id='line_1_40' title="bbox 993 4566 1674 4637; baseline 0.005 -19.173"><span class='ocrx_word' id='word_1_474' title='bbox 993 4566 1056 4635; x_wconf 86' lang='lat'>)</span> <span class='ocrx_word' id='word_1_475' title='bbox 1093 4567 1248 4622; x_wconf 85' lang='lat' dir='ltr'>Num.</span> <span class='ocrx_word' id='word_1_476' title='bbox 1301 4583 1380 4622; x_wconf 81' lang='lat' dir='ltr'>et.</span> <span class='ocrx_word' id='word_1_477' title='bbox 1415 4589 1467 4637; x_wconf 82' lang='lat' dir='ltr'>p.</span> <span class='ocrx_word' id='word_1_478' title='bbox 1501 4571 1674 4626; x_wconf 75' lang='lat'>3¹2.-</span> 
     </span>
    </p>
   </div>
   <div class='ocr_carea' id='block_1_16' title="bbox 4424 1493 4435 5490">
    <p class='ocr_par' dir='ltr' id='par_1_19' title="bbox 4424 1493 4435 5490">
     <span class='ocr_line' id='line_1_41' title="bbox 4424 1493 4435 5490; baseline 0 0"><span class='ocrx_word' id='word_1_479' title='bbox 4424 1493 4435 5490; x_wconf 95' lang='lat' dir='ltr'> </span> 
     </span>
    </p>
   </div>
  </div>
 </body>
</html>
