4450 5542
40 4778 59 4959 ι

1589 554 1755 673 οιΑ
1815 557 1876 627 Ρ
1929 554 1991 625 v
2047 554 2147 639 T,
2215 556 2333 627 v1.
2403 543 2490 623 ,’
3455 498 3624 628 αι’·

349 713 666 803 placuisse
680 762 700 797 ,
790 716 1093 784 continuo
1167 713 1384 785 eadem
1454 716 1779 806 signatam‘
1830 716 1967 783 ιω·

347 818 527 885 tione
570 816 930 901 crediderit,
976 814 1241 907 quasiii
1282 819 1433 887 aevi
1462 841 1689 887 numos
1721 819 1925 905 signa-

345 932 453 987 tos
507 918 686 987 vidit.
786 920 1088 989 Fortasse
1154 919 1451 991 ventilata
1503 922 1615 989 illa
1671 930 1926 988 moneta

347 1031 601 1089 scortea
662 1020 837 1089 alind
904 1044 1039 1091 non
1094 1024 1242 1107 fuit,
1311 1046 1497 1142 quam
1550 1022 1749 1110 pelles
1811 1021 1925 1090 bo-

347 1126 560 1207 vinae,
651 1126 707 1191 si
796 1148 919 1213 qua
1002 1128 1177 1215 regio
1247 1127 1498 1214 pascuis
1558 1124 1922 1209 abundavit,

344 1248 463 1316 pro
521 1226 668 1294 aliis
721 1228 1035 1297 mercibus
1087 1249 1411 1317 repensae.
1512 1229 1683 1295 Sane
1740 1227 1923 1296 scho-

348 1328 535 1396 liasta
589 1330 887 1398 Aristidis
943 1330 1026 1398 ad
1086 1351 1228 1398 eum
1294 1329 1532 1412 locum,
1595 1351 1723 1417 quo
1783 1351 1923 1397 ora-

210 1489 216 1495 .
348 1444 449 1499 tor
526 1431 638 1497 hic
710 1414 1255 1519 Carthaginienses
1324 1431 1593 1521 pecunia
1678 1440 1928 1499 scortea

347 1555 499 1602 usos
544 1534 858 1621 narrat¹),
914 1532 1073 1601 haec
1111 1535 1332 1603 habet.
1374 1558 1575 1603 τουτο
1622 1535 1693 1600 δε
1734 1516 1923 1620 λεγει,

348 1633 467 1723 οὐχ
525 1632 641 1702 ὁτι
693 1657 967 1703 σκυτινα
1034 1659 1416 1723 νομισματα
1485 1642 1684 1724 εἶχον,
1753 1634 1926 1703 ἀλλα

343 1739 609 1823 stupeas·
646 1760 981 1825 παρειχον,
1025 1762 1112 1816 ως
1151 1742 1549 1824 πολυθηρον
1595 1745 1927 1818 οὶκουντες

342 1862 619 1926 χωριον,
659 1863 774 1905 και
817 1837 1028 1919 οὑτως
1068 1837 1107 1906 ὁ
1154 1840 1543 1927 ἑβουλοντο,
1600 1839 1949 1928 wamma.

232 1942 967 2020 -Ismdverodioe‘t,
1010 1950 1928 2030 nonquoetsomooenumoe

347 2044 713 2121 homeru,
756 2049 871 2111 sed
903 2049 1047 2129 φάει
1080 2046 1276 2129 pelles
1316 2048 1668 2129 ohaam,
1712 2054 1926 2133 q'uiyme

344 2134 653 2231 νὶξιοησιι
707 2149 1063 2213 manualibus
1110 2149 1398 2232 refertam
1452 2151 1811 2229 Ιιαῦἰιαιιιεε,
1870 2161 1927 2218 et

346 2251 453 2314 hoe
510 2250 729 2327 modo,
815 2254 979 2334 quod
1038 2256 1232 2317 vivum
1275 2253 1445 2336 satit,
1534 2258 1921 2321 redemerunt.

346 2348 510 2416 Vide
554 2347 656 2439 „de
712 2346 843 2416 hoc
885 2364 1253 2437 argumento
1297 2353 1481 2442 plura
1524 2353 1694 2442 apud
1737 2354 1925 2441 Sper·

246 2476 259 2485 ·
346 2451 611 2539 lingium
677 2468 814 2541 cap.
881 2453 1144 2521 XXXII
1150 2455 1198 2525 1.
1309 2455 1598 2535 Ceterum
1663 2456 1928 2523 inficiari

348 2555 539 2644 plane
586 2575 792 2644 neque
834 2555 1018 2640 volo,
1077 2576 1284 2643 neque
1326 2574 1617 2644 possum,
1673 2558 1922 2641 ferrum,

348 2668 677 2741 stannum,
754 2658 1076 2746 plumbum
1146 2660 1213 2726 in
1262 2660 1597 2729 nonnullis
1666 2662 1923 2729 eivitati-

344 2759 469 2829 bus
558 2761 887 2850 pecuniaex
945 2763 1146 2829 vicem
1232 2765 1651 2851 praestitisse,
1739 2775 1925 2854 atque

351 2865 543 2931 etiam
604 2864 845 2931 corium
915 2883 1049 2931 non
1111 2867 1396 2955 potuisse
1458 2867 1552 2934 sic
1616 2868 1923 2956 apparari,

355 2974 428 3032 ut
468 2967 541 3030 in
582 2965 840 3032 similem
864 2987 1062 3036 usum
1106 2958 1384 3040 serviret.
1447 2970 1730 3037 Suadere
1754 2970 1924 3038 istud

357 3076 667 3155 poterant
744 3090 962 3136 causae
1030 3071 1276 3155 civiles,
1362 3073 1638 3162 exempli
1714 3060 1923 3157 eausa,

353 3180 428 3237 ut
475 3170 739 3263 privatis
800 3171 1175 3243 ditescendi
1211 3184 1561 3263 amputetm·
1619 3186 1923 3265 opportu-

346 3273 531 3339 nitas.
620 3273 722 3339 Ac
762 3283 1101 3363 propterea
1143 3275 1432 3363 quidem,
1486 3286 1555 3345 ut
1593 3298 1787 3366 supra
1829 3277 1921 3343 di·

346 3376 587 3457 ximus,
646 3373 1137 3444 Lacedaemonii
1192 3377 1422 3445 ferrum
1474 3379 1542 3447 in
1594 3379 1924 3466 pecuniam

346 3487 922 3567 repraesentarunt,
1025 3487 1213 3567 atque
1310 3479 1496 3546 etiam
1592 3479 1754 3548 illud
1832 3480 1925 3549 ad

348 3600 765 3670 quoscunque
839 3580 1003 3649 alios
1073 3600 1222 3675 usus
1297 3581 1577 3671 ineptum
1632 3581 1924 3651 reddide-

346 3693 504 3753 runt.
598 3680 823 3765 Plato,
901 3705 1040 3753 cum
1076 3685 1163 3751 in
1202 3705 1322 3753 sua
1371 3685 1621 3754 civitate
1664 3686 1922 3774 privatis

1008 4449 1043 4461 Q

1995 737 2211 783 aurum
2275 724 2341 784 et
2408 726 2731 804 argentum
2801 717 3228 798 interdiceret,
3261 718 3575 805 permisit

1990 826 2201 910 tamen
2257 819 2621 907 pecuniam,
2687 817 2803 886 sed
2865 823 3000 905 ejus
3056 828 3378 902 naturae,
3413 841 3573 909 quae

1993 920 2227 1005 ei‘vitati
2286 931 2453 989 esset
2503 922 2572 988 in
2626 923 2869 1011 pretio,
2940 922 3020 989 ab
3087 921 3366 989 externis
3421 943 3570 990 vero

1996 1031 2496 1090 contemneretur
2522 1030 2609 1104 ¹¹).
2697 1025 2852 1110 Ejus
2896 1022 3216 1091 materiam
3256 1043 3393 1090 non
3438 1026 3568 1112 qui-

1995 1122 2140 1191 dem
2180 1126 2498 1207 nominat,
2544 1125 2660 1195 sed
2704 1148 2786 1193 ex
2827 1126 2982 1212 ipsis
3026 1128 3160 1211 ejus
3203 1125 3415 1192 verbis
3462 1148 3568 1214 pa-

1992 1236 2113 1310 tet,
2171 1227 2368 1295 fuisse
2419 1211 2718 1295 intentam
2759 1226 3125 1344 ignobilem.
3209 1227 3331 1294 Sin
3372 1228 3564 1310 istud,

1992 1337 2249 1395 moneta
2293 1329 2452 1396 haee
2504 1353 2637 1397 non
2690 1341 2815 1399 tam
2853 1330 3122 1418 pecunia
3169 1326 3323 1412 suit,
3386 1350 3570 1449 quam

1993 1430 2523 1527 pseudomoneta,
2597 1442 2659 1499 et
2725 1433 3076 1533 pecuniae
3099 1430 3420 1521 quoddam
3484 1436 3569 1500 si·

1993 1554 2209 1631 gnum,
2279 1544 2466 1622 atque
2528 1538 2664 1621 ejus
2721 1543 3008 1617 naturae,
3072 1556 3197 1622 qua
3247 1534 3569 1623 hodieque

1995 1636 2464 1705 communitates
2553 1630 2912 1725 quaedam,
2991 1658 3106 1703 ceu
3191 1638 3563 1726 ptochotro·
3667 1676 3681 1695 ι

1994 1739 2175 1828 phia,
2286 1738 2687 1822 nosocomia,
2812 1737 3216 1806 xenodochia
3323 1739 3570 1809 laminis

1996 1841 2369 1930 quibusdam
2429 1848 2640 1910 certa
2665 1851 2820 1910 nota
2874 1842 3132 1927 signatis
3198 1864 3320 1930 pro
3382 1848 3568 1931 pecu-

1993 1946 2099 2011 nia
2147 1953 2435 2028 utuntur,
2495 1964 2682 2034 quae
2709 1952 2947 2011 tantum
3000 1945 3168 2010 intus
3225 1967 3403 2012 suum
3457 1946 3568 2013 ha·

1992 2049 2145 2115 bent
2210 2046 2521 2128 valorem,
2602 2043 2758 2115 foris
2827 2056 3031 2113 autem
3095 2066 3358 2134 prorsus
3425 2060 3571 2118 sunt

1989 2148 2261 2217 inutiles.
2368 2144 2771 2238 Quapropter
2853 2169 3245 2238 nequaquam
3323 2151 3567 2236 mirum,

1994 2250 2228 2343 similes
2337 2253 2639 2340 pecuniae
2739 2253 2985 2340 species
3085 2253 3175 2320 ob
3276 2255 3569 2322 materiae

1993 2356 2305 2442 ignaviam
2376 2354 2514 2423 aevi
2555 2348 2824 2441 ‘injuriis
2889 2357 3184 2423 resistere
3250 2376 3383 2423 non
3452 2379 3568 2445 po·

1993 2458 2207 2526 tuisse.
3653 2534 3660 2545 ‚

2165 2559 2274 2627 Ad
2308 2564 2318 2581 '
2352 2558 2732 2626 mentionem
2804 2579 3132 2627 numorum
3218 2558 3571 2648 ligneorum

1994 2671 2059 2729 et
2132 2670 2550 2729 testaceorum
2631 2661 2790 2728 nihil
2871 2662 3135 2751 amplius
3213 2654 3571 2732 addendum

1995 2782 2257 2847 censeo,
2313 2768 2469 2853 ‘quia
2525 2752 2903 2854 quocunque
2956 2766 3052 2832 iili
3112 2763 3308 2836 modo
3354 2790 3568 2838 mone-

1993 2876 2095 2934 tae
2146 2888 2405 2935 munere
2457 2867 2655 2936 functi
2709 2878 2884 2951 sunt,
2946 2869 3132 2936 etiam
3192 2879 3260 2936 ut
3311 2871 3569 2938 Suidam

1991 2980 2056 3036 et
2110 2966 2499 3054 Cedoem,
2565 2980 2757 3038 testes
2813 2992 3031 3060 parum
3088 2970 3396 3055 idoneos,
3462 2995 3564 3041 ve·

1987 3093 2125 3139 rum
2175 3093 2319 3140 esse
2370 3073 2620 3141 locutos
2676 3072 2923 3155 demus,
2991 3071 3074 3139 ad
3134 3072 3420 3141 nostrum
3471 3084 3567 3141 ta·

1988 3195 2131 3241 men
2204 3184 2654 3262 argumentum..
2707 3195 2842 3243 non
2926 3174 3272 3263 pertinere,
3362 3177 3575 3275 quivis

1990 3275 2358 3363 intelligent.
2422 3276 2867 3364 Mogolitanos
2909 3275 3124 3342 Asiae
3147 3287 3366 3344 nostra
3373 3301 3563 3379 quo

1993 3398 2116 3462 que
2179 3388 2381 3448 aetate
2448 3376 2837 3463 conchyliis,
2925 3378 3058 3446 sive
3121 3380 3330 3462 testis,
3412 3403 3568 3470 quas

1993 3484 2181 3549 coros
2261 3490 2523 3564 vocant,
2609 3482 2914 3570 pecuniae
2981 3482 3182 3551 modo
3252 3485 3375 3567 uti,
3464 3504 3569 3551 res

1991 3593 2174 3668 nota‘,
2251 3584 2335 3651 de
2401 3607 2532 3674 quo
2609 3585 2893 3656 instituto
2958 3584 3100 3674 lege
3163 3585 3567 3656 disserentem

1995 3686 2417 3777 Sperlingium
2429 3689 2512 3777 ⁸.)

1459 4524 3563 4569 mma—ffl-

481 4608 537 4680 Ι)
576 4609 734 4668 Orat.
767 4610 969 4670 vinnom
1006 4633 1060 4684 p·
1092 4566 1163 4667 mi
1198 4604 1316 4668 145.

42 5020 693 5517 μ

1426 4582 1529 4680 ξιιι)
1562 4614 1629 4669 de
1659 4614 1836 4683 tetih.
1872 4611 1932 4668 L
1966 4612 2030 4671 V.
2065 4632 2120 4687 p.
2157 4606 2278 4672 742.

2416 4612 2479 4683 n)
2514 4614 2670 4675 Nun.
2704 4632 2813 4671 ιιοιι
2850 4636 2958 4673 cus·
2994 4636 3108 4691 cap.
3141 4616 3389 4672 xxxm
