4450 5542
822 527 915 579 CX.

822 680 1182 736 transcursu
1240 670 1461 755 attigit
1505 679 1770 753 tantum,
1861 694 1991 738 non
2052 672 2181 740 sibi
2242 693 2424 761 pro·
2459 693 2680 763 pressa
2734 672 2963 743 fuerint
2981 721 3002 757 ‚
3087 671 3463 741 infirmiores
3515 669 3668 742 mihi
3721 669 4036 756 videntur,
4147 761 4164 782 ἱ

822 772 1093 840 bandam
1136 773 1424 860 sumpsit,
1482 793 1618 840 eam
1673 773 2049 861 argumentis
2108 774 2391 843 stabilire

768 887 773 894 “
822 896 1152 964 eggressus
1209 885 1307 943 est
1356 869 1784 946 Mahudelius.
1912 880 2050 960 Ait,
2122 879 2395 946 existere

1717 509 2461 586 PROLEGOMENA
2530 485 3112 586 GENERALlA.

2463 798 2666 866 quam
2688 786 2760 845 ut
2802 777 3043 867 exponi
3086 787 3455 844 mereantur.

2635 881 3000 949 Sententiae
3083 879 3231 956 huic
3316 903 3355 947 a
3426 878 3696 946 Joberto
3755 876 4037 965 ‹pt-imum

698 1071 701 1074 Δ
820 998 1274 1066 nonnunquam
1331 981 1399 1046 in
1452 980 1807 1048 civitatibus
1862 1003 2079 1048 causas
2131 981 2392 1065 subitas,
2462 981 2727 1052 traditae
2794 977 3202 1053 adversatus
3218 967 3419 1050 serius
3484 990 3583 1049 est
3645 979 3740 1046 Ol.
3794 980 4037 1047 Bozim

826 1104 988 1171 quae
1075 1092 1304 1168 cogant
1389 1103 1616 1170 augere
1700 1082 1984 1151 valorem
2077 1094 2391 1155 monetae.
2458 1085 2610 1153 loco
2622 1090 2846 1175 ’supra
2887 1085 3165 1176 laudato.
3255 1087 3461 1154 Eccur
3505 1073 3692 1165 enim',
3749 1083 3855 1166 ait,
3904 1083 4036 1150 Ro-

819 1184 1140 1284 Exemplo
1196 1195 1335 1252 esto
1388 1207 1460 1252 as
1514 1185 1944 1269 Romanorum
1997 1186 2110 1276 ρει·
2156 1186 2394 1257 bellum
2461 1191 2662 1257 mani·
2679 1200 2884 1259 stante
2937 1188 3289 1280 Republica
3305 1236 3326 1270 ‚
3414 1209 3556 1256 cum
3601 1187 3798 1256 toties
3854 1205 4037 1274 auge·

769 1435 775 1439 >
821 1402 1011 1460 nente
1065 1390 1291 1458 eodem
1342 1392 1580 1460 valore.
1718 1394 2065 1462 Primorum
2130 1394 2398 1481 imper-117

820 1506 1050 1563 torum*
1121 1504 1323 1562 aetate
1386 1493 1717 1563 ‘eundem'
1768 1497 1956 1564 finem
2045 1496 2395 1578 obtentum,

825 1597 942 1665 sed
968 1597 1211 1666 ‘horum
1268 1617 1392 1687 ope
1447 1600 1771 1688 signorum
1814 1609 2105 1668 monetae
2135 1603 2271 1686 jam
2313 1599 2396 1665 si·

822 1711 1046 1790 gnatae
1098 1703 1564 1790 impressorum.
1651 1703 1741 1771 At
1797 1704 1937 1772 Eum
1996 1703 2166 1770 idem
2222 1701 2392 1771 vide·

821 1815 947 1887 ret,
1036 1827 1262 1872 numos
1329 1807 1423 1876 sic
1476 1815 1732 1875 notatos
1787 1830 1928 1875 esse
1984 1807 2398 1896 paucissimos

819 1921 1113 1997 respectu
1154 1931 1407 1992 eorum,
1466 1911 1575 1998 qui
1627 1913 1829 1978 notati
1879 1931 2014 1978 non
2070 1911 2373 1991 'sunt‚re

826 2011 1139 2100 spondet,
1229 2012 1510 2080 valorem
1561 2013 1664 2082 his
1720 2015 1918 2101 signis
1965 2024 2213 2083 auctum
2265 2034 2400 2082 non

825 2125 1146 2203 spectasse
1234 2114 1317 2181 ad
1405 2136 1624 2184 omnes
1695 2117 1943 2206 imperii
2008 2117 2399 2207 provincias,

824 2217 941 2286 sed
985 2217 1068 2285 ad
1112 2240 1219 2285 eas
1271 2227 1546 2302 tantum,
1606 2221 1833 2308 quibus
1885 2221 1952 2288 in
1998 2213 2205 2289 causax
2231 2220 2400 2287 subi·

822 2331 891 2389 ιιι
949 2343 1035 2414 εοἼ
1090 2321 1372 2390 remedio
1398 2342 1595 2412 -οριιε
1648 2313 1783 2390 fuit.
1891 2325 2101 2391 Aucto
2157 2323 2309 2391 inde
2362 2342 2403 2389 a

823 2425 1102 2508 Trajano
1193 2433 1483 2491 monetae
1546 2424 1873 2494 Romanae
1958 2447 2220 2494 numero
2293 2445 2402 2492 ne·

824 2546 1009 2593 cesse
1092 2525 1357 2620 amplius
1444 2545 1576 2592 non
1651 2527 1875 2611 fuisse,
1964 2529 2093 2595 hoc
2164 2527 2401 2611 valoris

828 2628 1001 2706 dicto
1069 2628 1267 2696 modo
1324 2625 1724 2716 'augmentum
1780 2651 2114 2700 arcessere.
2220 2629 2401 2697 Diffi·

828 2732 965 2813 cile,
993 2753 1147 2801 vero
1193 2753 1336 2798 esse
1377 2730 1659 2799 divinare
1702 2753 1921 2801 causas
1937 2783 1956 2817 ‚
2030 2755 2191 2822 quae
2235 2731 2401 2800 subi·

826 2844 1079 2902 taneum
1130 2834 1302 2916 istud
1352 2833 1697 2904 remedium
1750 2838 2117 2922 suaserint,⁸
2146 2857 2404 2925 quarum

714 2946 721 2952 ’
827 2938 989 3008 aliae
1041 2938 1124 3006 ad
1175 2940 1620 3027 imperatorem
1637 2987 1657 3021 ,
1738 2939 1906 3007 aliae
1966 2940 2049 3009 ad
2100 2948 2403 3021 senatum,

827 3039 990 3110 aliae
1049 3040 1133 3108 ad
1186 3041 1495 3129 populum
1556 3033 1998 3128 pertinuerint,
2080 3063 2244 3130 quos
2302 3061 2404 3107 va·

821 3146 963 3214 rios
992 3148 1209 3232 jussus
1252 3143 1536 3211 indicare
1578 3141 1870 3211 videntur
1911 3155 2102 3212 notae
2129 3141 2404 3212 IMR-

828 3243 1039 3316 A‘VG.
1085 3281 1169 3300 ·--
1217 3248 1456 3316 CAES.
1484 3281 1574 3297 -
1611 3246 1810 3321 SPR·
1854 3245 2075 3318 Minus
2119 3246 2407 3316 adhaesit

828 3351 1305 3439 Havercampus
1393 3349 1677 3436 ejusdem
1763 3351 2111 3420 sententiae
2191 3360 2404 3439 patro·

827 3473 983 3537 nus,
1074 3461 1471 3541 comperto‚'
1521 3473 1743 3520 omnes
1805 3453 1875 3520 id
1928 3475 2127 3541 genus
2177 3475 2403 3520 numos

827 3556 945 3622 has
998 3564 1186 3622 notas
1241 3556 1563 3643 accepisse
1606 3555 1724 3622 sub
1774 3555 2050 3625 Claudio
2065 3605 2084 3639 ‚
2146 3566 2405 3643 urgente

827 3657 1071 3728 scilicet
1123 3658 1496 3724 necessitate
1509 3706 1528 3739 ‚
1595 3657 1849 3745 quando
1904 3660 2099 3727 fames
2152 3658 2405 3746 gravior

824 3759 1092 3827 Romam
1144 3769 1209 3827 et
1261 3759 1588 3848 imperium
1645 3758 1890 3828 adflixit
1911 3764 1983 3844 ‘).
2070 3762 2167 3827 At·
2215 3762 2402 3843 enim,

830 3873 899 3931 ut
941 3884 1160 3930 causas
1217 3862 1370 3931 alias
1414 3871 1829 3951 praeteream,
1883 3885 2044 3952 quae
2096 3862 2403 3931 infirmam

826 3966 992 4034 hanc
1063 3966 1429 4056 opinionem
1494 3976 1815 4056 evertunt,
1904 3975 2155 4033 exstant
2210 3975 2403 4035 notae

822 4057 1081 4138 incusae
1146 4070 1393 4142 Claudii
1481 4069 1743 4160 imperio
1822 4071 2245 4164 posteriores,
2273 4087 2286 4104 ⁷
2335 4079 2404 4137 ut

827 4171 1029 4238 videri
1090 4183 1305 4262 potest
1372 4175 1439 4241 in
1495 4174 1773 4243 indicato
1827 4173 2184 4244 Mahudelii
2241 4183 2402 4241 cata·

786 4265 1004 4359 logo.
1124 4275 1309 4342 Aliae
1372 4275 1728 4344 Mahudelii
1794 4281 2223 4364 conjecturae,
2314 4275 2401 4345 ob

831 4397 987 4464 quas
1024 4373 1204 4446 alias
1269 4400 1489 4446 causas
1550 4379 1711 4447 haec
1777 4382 1980 4448 numia
2048 4384 2227 4469 signa
2290 4381 2405 4448 im·

834 4534 973 4546 .——-

968 4597 1029 4664 s)
1066 4601 1129 4650 ad
1170 4593 1396 4652 Metelli!
1434 4603 1661 4680 tabulam
1698 4599 1916 4659 XXXII.
1955 4553 2189 4668 Auss‘usti.

630 1300 643 1311 ·
720 1355 733 1369 ,
824 1279 1128 1355 Punicum
1188 1289 1270 1358 11.
1348 1311 1548 1384 usque
1616 1290 1780 1358 adeo
1846 1291 2201 1364 imminutus
2268 1313 2392 1357 ma·
2461 1317 2532 1388 re
2565 1294 2852 1363 valorem
2896 1295 3087 1377 aeris,
3140 1304 3212 1362 ut
3253 1275 3532 1375 constat,
3578 1311 3840 1358 necesse
3882 1290 4035 1368 fuis·

2465 1406 2594 1478 set,
2652 1397 2986 1490 refundere
3039 1398 3252 1485 potius
3309 1415 3539 1482 magno
3593 1404 3850 1481 sumptu
3902 1394 4040 1461 uni·

2464 1522 2708 1569 versam
2817 1508 3134 1567 monetam
3245 1505 3501 1566 aeneam
3575 1494 4040 1582 instituerunt,

2468 1623 2653 1690 quam
2726 1622 2862 1671 eam
2887 1652 2907 1686 ,
3000 1601 3176 1690 quod
3246 1599 3490 1667 facilius
3561 1607 3820 1686 peractu
3887 1598 4040 1682 fuit,

2464 1705 2785 1795 impressis
2829 1706 2928 1773 his
2970 1706 3165 1791 signis
3210 1707 3463 1783 notare,
3518 1702 3854 1790 praecipue
3898 1723 4045 1770 cum

2466 1823 2683 1875 eorum
2738 1830 2887 1876 usus
2942 1809 3199 1896 ignotus
3252 1806 3331 1873 iis
3377 1823 3518 1872 esse
3559 1824 3694 1871 non
3732 1804 4040 1891 potuerit,

2376 1908 2711 1999 ·pridem
2779 1913 2863 1990 in
2951 1910 3306 1979 civitatibus
3383 1906 3641 1976 Graecis
3715 1903 4045 1994 receptus?

2469 2014 2605 2082 Cur
2657 2015 2750 2080 sic
2801 2015 2976 2104 apud
3027 2016 3354 2083 Romanos
3422 2011 3625 2078 notati
3682 2003 3853 2077 fuere
3917 2008 4046 2076 soli

2466 2119 2639 2185 numi
2668 2118 2894 2185 aenei?
2955 2118 3295 2185 Enimvero
3339 2135 3600 2182 necesse
3641 2123 3758 2194 est,
3804 2122 4046 2201 specta·

2466 2231 2550 2288 to
2589 2220 2810 2320 valore
2867 2222 2933 2287 in
2991 2219 3238 2314 triplice
3283 2216 3547 2287 metallo
3613 2225 3849 2285 certum
3900 2236 4047 2284 esse

2468 2322 2731 2407 debere,
2817 2327 3004 2413 atque
3057 2344 3140 2390 ex
3191 2319 3626 2416 praesentibus
3677 2318 3883 2387 causis
3935 2317 4046 2386 de-
4157 2363 4166 2367 -

2467 2428 2708 2495 finitum
2762 2426 3175 2494 intervallum.
3263 2428 3440 2513 Ergo
3499 2423 3556 2491 si
3606 2421 3846 2490 valoris
3897 2442 4044 2509 aug·
4095 2449 4102 2452 ·

2468 2539 2743 2598 ιιιειιιιιιιι
2796 2529 3017 2596 fuisset
3068 2530 3402 2609 intentum,
3458 2525 3694 2593 incusis
3738 2525 3866 2602 hoc
3907 2543 4042 2592 mo·

2471 2631 2557 2699 do
2609 2631 2815 2698 numis
2872 2632 3181 2718 argenteis
3231 2630 3428 2698 multo
3489 2627 3780 2717 amplior·
3803 2646 4044 2696 summa

2471 2733 2764 2802 breviore
2806 2743 3091 2822 tempore
3131 2733 3442 2822 potuisset
3484 2732 3728 2800 confici.
3814 2729 4038 2814 Addit,

2471 2837 2620 2905 huic
2678 2837 2864 2905 etiam
2918 2837 3262 2905 sententiae
3320 2836 3551 2904 obesse
3566 2885 3585 2920 ‚
3635 2833 3829 2926 'quod
3892 2853 4064 2921 pam-
4145 2881 4158 2887 -

2473 2941 2678 3032 ciores
2731 2950 2878 3012 sunt
2928 2937 3100 3008 numi
3151 2940 3387 3026 incusi,
3471 2957 3660 3028 quam
3711 2947 3793 3005 ut-
3830 2936 4042 3005 verisi-

2473 3043 2626 3110 mile
2663 3041 2979 3128 videatur,
3037 3044 3233 3112 fixisse
3284 3044 3446 3112 haec
3495 3042 3672 3129 signa
3693 3061 3698 3066 ·
3719 3039 3889 3112 ,aucti
3939 3057 4044 3107 va-

2471 3144 2629 3213 loris
2681 3143 2916 3214 indicia
2937 3195 2957 3229 ‚
3046 3147 3318 3238 denique
3371 3149 3428 3214 si
3478 3144 3648 3226 istud
3699 3137 4046 3232 praefixum

2471 3249 2620 3332 fuit,
2676 3250 2887 3316 mirari
2941 3269 3111 3332 sese,
3165 3267 3276 3315 cur
3328 3269 3404 3315 ea
3459 3268 3591 3314 non
3646 3247 3712 3312 in
3770 3246 4046 3339 omnium

2472 3354 2916 3469 imperatorum
2971 3351 3176 3420 numia
3228 3359 3714 3441 compareant.
3705 3351 3905 3418 Sane
3946 3369 4045 3416 se-

2471 3476 2558 3521 se
2586 3455 2653 3521 in
2695 3441 2896 3520 ιιιιΠο
2919 3452 3189 3536 Vitellii,
3245 3463 3352 3522 aut
3396 3453 3652 3521 Nervae
3692 3473 3884 3520 numo
3930 3450 4044 3518 ob·
4129 3533 4138 3542 .

2471 3573 2779 3626 servasse.

2524 3683 2534 3691 ·
2647 3657 2792 3725 Hac
2843 3656 3107 3725 refutata
3160 3655 3471 3724 sententia
3524 3677 3700 3725 suam
3742 3657 4044 3724 continuo

2473 3760 2684 3827 dictat.
2771 3760 2911 3842 Ait,
2969 3761 3037 3826 in
3091 3759 3390 3849 upa-ibus
3435 3759 3760 3848 publicis,
3793 3769 3863 3827 ut
3905 3775 4047 3827 cum

2470 3862 2813 3951 agebantur
2889 3862 3281 3932 muniendae
3375 3863 3514 3941 viae
3541 3911 3562 3945 ,
3667 3861 4047 3940 derivandae

2467 3966 2535 4034 in
2622 3958 3033 4056 quoscunque
3102 3983 3253 4035 usus
3326 3986 3525 4055 aquae
3546 4013 3566 4047 ‚
3656 3963 4046 4033 aedificanda
4099 3995 4110 4000 ⁴

2423 4070 2950 4160 amphitheatra,
3039 4076 3106 4135 et
3176 4087 3337 4157 qnae
3409 4068 3510 4136 his
3583 4078 3731 4135 sunt
3794 4067 4041 4150 similia,

2469 4173 2538 4240 in
2592 4173 2692 4240 his
2747 4193 2901 4261 ergo
2946 4171 3243 4259 operibus
3287 4179 3564 4260 aequum
3592 4169 3824 4250 finisse,
3881 4171 4083 4238 inter⁴

2472 4298 2621 4358 eos,
2698 4277 2806 4364 qui
2862 4273 3072 4342 labori
3125 4273 3418 4346 destinati
3472 4272 3680 4356 fuere,
3755 4273 4045 4341 distribui

2471 4390 2742 4448 tesseras
2799 4379 3128 4447 arbitrario
3183 4380 3482 4469 quopiam
3537 4378 3720 4465 signo
3747 4383 4044 4457 znotatas,
