4450 5542
400 2632 683 2731 obtegit.

1709 527 2165 632 cAPvT
2235 483 2384 602 xn.
2912 509 2931 528 ⁸
3135 589 3140 598 .
3413 477 3759 606 ιη’

429 694 539 765 vel
578 701 820 766 tantum
864 692 962 758 sui
1003 700 1200 780 parte.
1290 691 1368 760 In
1410 625 1569 774 aliis,
1619 691 1725 780 qui
1766 692 1887 759 toti
1906 713 2010 762 ar

426 808 626 886 gento
670 806 817 864 sunt
861 793 1149 875 obducti,
1202 808 1433 898 partes
1470 804 1616 861 sunt
1670 793 2007 877 inauratae,

427 921 549 968 ceu
601 897 996 988 imperatoris
1061 896 1305 977 laurea,
1367 905 1430 964 et
1482 893 2006 986 paludamentum,

2078 688 2288 756 lorum
2331 688 2449 756 sub
2493 699 2658 757 terra
2700 691 2823 758 situ
2869 691 3131 778 operuit.
3221 688 3421 764 color
3463 696 3654 761 estin

2080 769 2217 860 aliis
2251 791 2510 875 viridis,
2583 794 2648 858 in
2718 793 2892 861 aliis
2925 793 3278 876 caeruleuS,
3348 804 3455 861 aut
3516 797 3651 863 vio·

2076 893 2287 961 laceus
2309 944 2327 977 ,
2415 896 2483 960 in
2548 893 2685 962 aliis
2749 896 2984 964 fuscus
2982 945 3000 978 ,
3083 905 3152 962 ιιι
3204 899 3488 964 nimirum
3546 921 3686 968 aes·

412 1013 499 1076 ,et
540 1002 902 1092 epigraphe.
969 1000 1331 1070 Monetaria
1374 999 1531 1066 haec
1555 998 1873 1066 insulsitas
1903 999 2009 1066 vix
2075 1015 2196 1085 pro
2257 998 2426 1063 varia
2480 997 2607 1062 soli
2660 1009 2881 1065 natura
2939 997 3194 1064 adflavit
3258 1000 3490 1068 halitus
3545 1011 3653 1069 aut

424 1114 577 1173 ante
662 1102 1095 1196 Alexandrum
1168 1093 1467 1170 Severum
1537 1103 1819 1191 coeperit
1836 1150 1855 1184 ,
1944 1103 2006 1166 et

428 1205 598 1273 ultra
681 1203 1145 1272 Diocletianum
1228 1206 1610 1298 porrigitur,
1723 1213 1789 1271 et
1886 1202 2004 1270 fre-

429 1308 838 1402 quentissime
911 1303 1283 1376 deformarit
1354 1315 1579 1376 numos
1666 1308 2005 1395 inscriptos

425 1407 899 1488 AEQVITAS.
945 1409 1148 1477 AVG.
1203 1409 1307 1478 vel
1351 1410 1755 1480 MONETA.
1798 1409 2004 1477 Ave.

422 1521 587 1609 typo
624 1512 743 1577 in
774 1511 1056 1610 utrisque
1119 1511 1304 1578 trium
1372 1512 1775 1580 Monetarum
1838 1522 2003 1579 stau·
2010 1512 2025 1528 ⁶

430 1613 627 1697 tium,
681 1623 749 1680 et
798 1613 1055 1692 maximi
1106 1609 1365 1682 moduli.
1451 1616 1701 1688 Numos
1769 1615 2002 1683 similes

422 1726 553 1782 tam
616 1736 1006 1821 supervacuo
1081 1716 1250 1784 cultu
1300 1703 1576 1788 ornatos
1640 1739 1720 1786 an
1790 1720 2001 1787 verisi-

368 1887 379 1890 ,
422 1818 577 1886 mile
630 1828 764 1903 est,
829 1822 948 1888 etsi
1011 1822 1291 1888 Mundae
1343 1841 1576 1888 nomen
1638 1823 2003 1912 inscriptum

420 1919 811 2010 fuderant,
889 1921 972 1989 ad
1042 1931 1334 1994 monetae
1408 1924 1609 1990 etiam
1653 1947 1831 1992 usum
1896 1948 1999 1994 va-

424 2024 664 2093 luisse?
732 2025 854 2091 Est
894 2025 961 2090 in
1003 2046 1223 2093 museo
1270 2021 1597 2094 Caesareo
1625 2049 1846 2095 numus
1874 2050 1998 2094 ma·

422 2127 577 2194 ximi
643 2126 887 2193 moduli
938 2126 1335 2211 Numeriani,
1412 2131 1479 2196 in
1542 2115 1720 2217 cujus
1784 2151 2003 2197 aversa

422 2239 559 2297 est:
642 2229 1186 2300 ADLOCVTIO.
1249 2231 1517 2301 Avo-G.
1564 2243 1749 2321 typo
1823 2232 1999 2299 adlo-

422 2330 712 2414 cutionis.
801 2334 866 2398 ls
932 2332 1369 2421 deargentatus
1431 2344 1625 2402 totus
1670 2346 1805 2421 est,
1883 2334 1999 2402 sed

418 2429 862 2523 imperatoris,
974 2436 1081 2523 qui
1156 2435 1373 2504 habitu
1447 2439 1766 2505 consulari
1849 2459 1997 2527 pro-

2074 1099 2333 1167 ambivit
2405 1099 2630 1164 humor
2705 1098 3027 1188 particulis
3107 1101 3433 1169 metallicis
3513 1126 3649 1191 gra-

2071 1201 2275 1270 vidus,
2383 1200 2818 1268 Indumentum
2896 1200 3066 1269 istud
3099 1210 3374 1270 tantum
3449 1204 3649 1283 abest,

2073 1312 2143 1370 ut
2198 1303 2476 1384 nitorem
2543 1326 2769 1386 numo,
2844 1312 2909 1370 et
2984 1301 3412 1394 qualecunque
3479 1308 3650 1375 aliud

2072 1406 2358 1473 meritum
2448 1391 2773 1489 detrahat,
2881 1412 2952 1471 ιιι
3048 1407 3284 1472 etiam
3318 1409 3649 1497 plurimum

2072 1518 2312 1595 augeat.
2416 1508 2665 1578 Etenim
2739 1506 3079 1594 adventitia
3152 1508 3308 1576 haec
3369 1513 3650 1580 materia

2070 1621 2196 1677 tam
2266 1619 2410 1698 apte
2475 1634 2615 1680 sese
2681 1610 2851 1676 numi
2920 1590 3268 1697 superficiei
3325 1612 3648 1703 adplicuit,

2068 1722 2140 1780 ιιι
2183 1713 2591 1781 minutissima
2636 1732 2948 1803 quaeque,
3026 1735 3184 1802 quae
3248 1718 3474 1783 matrix
3538 1719 3649 1785 im·

2068 1817 2341 1904 pressit,
2434 1838 2549 1882 ceu
2637 1816 3006 1903 capillorum
3089 1815 3198 1882 fila
3218 1861 3238 1891 ‚
3326 1817 3640 1885 literarum

2069 1919 2280 2007 apices
2340 1918 2691 1988 tenuissimi
2755 1929 2877 1984 tam
2942 1917 3362 1987 transluceant
3427 1920 3647 2007 nitide,
3743 1959 3762 1976 ·

2068 2043 2256 2111 quam
2308 2023 2364 2088 si
2422 2022 2612 2111 plane
2674 2022 2940 2112 abesset.
2971 2031 2998 2062 x.
3025 2020 3326 2089 Meritum
3368 2044 3521 2091 vero
3564 2021 3647 2091 ex

2067 2124 2196 2211 hoc
2240 2146 2388 2192 casu
2439 2126 2642 2190 numis
2684 2125 2906 2210 ingens
2967 2125 3239 2209 accedit,
3307 2149 3440 2194 non
3502 2150 3639 2195 mo·

2070 2227 2156 2295 do
2182 2276 2200 2309 ,
2292 2227 2439 2316 quia
2499 2227 2879 2312 integerrimi
2941 2227 3146 2316 vulgo
3200 2251 3345 2297 esse
3407 2231 3652 2322 solent,-

2066 2331 2356 2412 nimirum
2415 2327 2746 2402 inuoluere
2812 2329 2940 2395 hoc
3005 2332 3358 2418 aeruginem
3428 2333 3643 2412 metal-

2066 2432 2135 2500 lo
2193 2432 2341 2499 huic
2397 2431 2751 2520 cumprimis
2809 2433 3226 2519 perniciosam
3245 2484 3262 2518 ,
3328 2444 3394 2502 et
3458 2457 3645 2505 omne

416 2539 681 2628 ponitur
701 2586 722 2620 ,
830 2547 1043 2626 togam
1139 2538 1370 2626 pictam
1462 2539 1743 2608 lamella
1811 2557 2002 2608 aurea
2052 2535 2238 2603 aliud
2301 2535 2615 2602 inimicum
2684 2533 2899 2602 vitium
2970 2535 3253 2619 arcente,
3337 2535 3642 2605 liberalis·
3635 2621 3656 2636 ..
3731 2607 3742 2632 ι

592 2743 699 2810 De
739 2742 943 2810 numia
987 2743 1199 2827 aeneis
1238 2742 1322 2811 II.
1367 2753 1431 2811 et
1470 2745 1584 2812 111.
1626 2693 1867 2813 formae
1908 2755 1996 2813 te-

416 2850 537 2918 nui
574 2846 785 2914 stanni
825 2844 990 2912 folio
1034 2845 1272 2933 opertis
1327 2854 1391 2912 et
1445 2845 1538 2913 sic
1596 2850 1805 2927 cusis,
1881 2849 1996 2916 sod

423 2949 544 3038 qui
580 2948 729 3016 inde
768 2965 805 3015 a
848 2946 1135 3016 Claudio
1165 2945 1445 3015 Gothico
1458 2971 1684 3039 usque
1727 2950 1810 3017 ad
1838 2951 1996 3018 Dio·

422 3049 766 3219 cletianvtlrlm
821 3071 973 3120 vera
1023 3035 1280 3119 moneta
1333 3050 1555 3137 fuere,
1606 3054 1842 3170 egimus
1894 3076 1995 3122 ca-

420 3151 569 3243 pite
1112 3183 1131 3195 ·

592 3328 779 3406 514.
877 3327 1088 3392 vam
1139 3301 1855 3418 ωωοὲαωααοονμις-

590 3459 880 3528 Ver-uicis
923 3467 1185 3546 nomen,
1242 3463 1361 3529 etsi
1402 3460 1643 3550 Latinis
1686 3461 1990 3549 ignotum,

418 3562 569 3652 quia
600 3572 827 3656 ,nmen
892 3561 975 3630 ab
1035 3564 1184 3631 artis
1233 3574 1487 3632 nostrae
1538 3565 1867 3651 magistris.
1898 3567 1987 3631 in-

415 3670 553 3733 star
591 3687 883 3751 τιχνικου
918 3675 1243 3754 receptum
1284 3676 1439 3748 est‚.
1488 3675 1553 3734 et
1598 3688 1721 3735 nos
1762 3669 1988 3735 retine·

414 3789 577 3834 mus.
658 3765 957 3833 Tractum
997 3777 1172 3834 essa
1215 3767 1540 3836 Gallorum
1583 3778 1800 3852 vomis,
1837 3771 2015 3838 Ger·

412 3870 899 3959 manisfivn‘se,
965 3867 1140 3936 Italis
1192 3877 1438 3955 pasena,
1506 3893 1714 3963 eoque
1764 3873 1991 3940 intelli·

412 3973 647 4062 gimm·
701 3970 1133 4040 indumentum
1218 3972 1556 4060 splendens
1590 4025 1610 4059 ,
1658 4036 1663 4042 .
1709 3977 1990 4065 variique

407 4074 477 4142 ἱιι
564 4073 771 4144 miis
853 4075 1125 4157 coloris,
1224 4095 1352 4164 quo
1446 4086 1671 4146 natura
1761 4081 1988 4148 numos

408 4197 655 4248 aeneos
726 4179 942 4255 (aurei
1021 4179 1421 4275 argenteique
1508 4201 1622 4247 sua
1709 4183 1988 4248 contenti

402 4275 751 4355 nubilante
784 4279 952 4350 illud
1008 4269 1473 4370 aspernantur)
1521 4283 1719 4372 longo
1774 4307 1985 4353 saecu·

2068 2661 2190 2728 que
2234 2660 2374 2708 esse
2416 2631 2677 2756 propter
2729 2638 2966 2705 coloris
3006 2639 3338 2707 illecebras
3380 2641 3641 2726 formae,
3691 2673 3706 2692 =

2064 2742 2182 2809 sed
2267 2743 2448 2809 etiam
2537 2743 2688 2830 quia
2769 2744 3174 2810 certissimum
3259 2744 3424 2810 hoc
3447 2756 3640 2834 pacto

2063 2845 2373 2938 praebent
2469 2845 2775 2931 genuinae
2883 2847 3263 2935 antiquitatis
3357 2849 3640 2916 testimo·

2062 2950 2253 3017 nium.
2356 2948 2608 3028 Etenim
2680 2969 2818 3013 cum
2895 2949 3059 3017 alios
3127 2970 3347 3017 omnes
3423 2971 3639 3017 mone·

2061 3060 2165 3118 tae
2202 3050 2436 3119 veteris
2495 3048 2726 3116 modos
2782 3049 2953 3125 fraus
3006 3072 3228 3118 recens
3277 3052 3436 3119 scite
3489 3054 3640 3121 satis
3751 3049 3758 3058 ’

2060 3152 2351 3220 didicerit
2435 3152 2660 3218 imitari
2681 3200 2700 3234 ‚
2810 3154 2878 3218 in
2964 3152 3268 3220 imitanda
3360 3156 3635 3239 vernice‚
3763 3193 3766 3200 ·

2064 3273 2249 3342 quam
2310 3263 2530 3320 natura
2596 3252 2873 3338 addidit,
2960 3254 3261 3321 hactenus
3324 3253 3638 3324 incassum

2059 3357 2228 3423 vires
2274 3377 2418 3422 suas
2462 3366 2560 3422 est
2603 3345 2884 3445 experta.
2969 3358 3130 3425 Tam
3174 3355 3339 3425 enim
3381 3358 3494 3426 illa
3534 3358 3636 3426 fir·

2060 3458 2243 3526 miter
2305 3480 2413 3524 aes
2467 3458 2885 3548 amplectitur,
2949 3471 3019 3529 ut
3071 3460 3258 3531 avelli
3311 3462 3466 3530 inde
3514 3463 3637 3530 nisi

2058 3581 2173 3651 per
2214 3562 2340 3629 vim
2385 3582 2516 3628 non
2560 3563 2790 3681 ροιείιι
2866 3564 2954 3630 Αι
2995 3587 3183 3654 quam
3225 3565 3461 3635 falsarii
3511 3589 3638 3657 ope

2057 3665 2208 3733 salis
2275 3666 2658 3733 ammoniaci
2706 3675 2770 3733 et
2834 3667 3000 3734 aceti
3035 3668 3346 3738 induxere
3362 3721 3380 3756 ,
3448 3694 3638 3761 saepe

2060 3768 2164 3835 vel
2208 3789 2415 3876 ungue
2454 3778 2692 3836 tentata
2732 3751 2883 3836 loco
2925 3780 3140 3859 potest
3184 3773 3443 3840 moveri.
3522 3774 3632 3837 Di·
3703 3821 3710 3838 ,

2056 3873 2127 3944 xi
2148 3921 2171 3956 ‚
2279 3891 2495 3940 aurum
2579 3871 3027 3960 argentumque
3114 3883 3384 3944 veterem
3471 3873 3634 3942 hanc

2056 3976 2371 4042 vernicem
2459 3974 2821 4042 detrectare.
2947 3974 3040 4042 At
3125 3998 3286 4064 quae
3368 3986 3626 4064 argento

2054 4079 2414 4182 frequenter
2480 4076 2777 4143 adhaeret
2835 4077 3094 4142 materia
3149 4099 3361 4145 crassa
3416 4087 3480 4146 et
3540 4079 3629 4146 vi·

2053 4180 2242 4262 ridis,
2330 4200 2412 4245 ex
2464 4179 2772 4264 aeruginis
2836 4199 3065 4266 genere
3127 4191 3258 4266 est,
3332 4192 3397 4252 et
3447 4194 3627 4253 aceto

2053 4292 2158 4352 aut
2201 4301 2392 4348 succo
2436 4280 2582 4348 mali
2626 4281 2800 4351 citrei
2843 4280 3219 4356 amolienda.
