4450 5542
835 502 1026 554 mn
1095 533 1103 547 .
1440 562 1459 569 ,
1731 481 2483 557 PROLEGOMENA
2547 452 3132 561 GENERALI'A.

1037 641 1142 710 Ab
1200 640 1448 711 urbium
1489 639 1689 708 numis
1732 640 1816 709 ad
1857 644 2067 729 regios
2113 624 2401 711 deflecta·
2469 606 2744 726 lycrates
2841 643 3118 734 aequalis
3216 642 3547 727 Cambysis
3571 690 3591 725 ,
3703 642 4038 736 flomitque

832 765 1004 826 mus,
1078 744 1159 811 iis
1231 744 1298 809 in
1365 741 1670 827 judicium
1733 746 2005 828 vocatis,
2083 747 2192 834 qui
2261 754 2405 827 ante
2471 747 2650 817 annis
2693 754 2836 813 ante
2880 747 3197 817 Christum
3237 746 3340 813 D.
3363 754 3428 813 et
3471 741 3755 832 amplius.

834 844 1112 934 Philippi
1152 844 1234 911 Π.
1277 865 1537 931 regnum
1577 848 1804 933 signati
1847 857 2021 929 sunt,
2067 868 2211 913 nam
2253 845 2403 912 inde
2456 860 2467 875 ⁴
2535 916 2544 923 ‚
2638 847 2863 915 Altero
2937 841 3090 915 loco
3167 847 3331 930 dixi,
3407 845 3874 934 antiquissimos
3936 866 4037 914 ur-
4141 902 4156 909 -

749 952 767 998 ³
833 947 913 1015 ab
957 946 1084 1014 hoc
1139 946 1415 1023 omnium
1462 946 1598 1015 fere
1647 968 1897 1035 regum
1926 969 2153 1015 numos
2211 945 2402 1014 habe-
2471 947 2658 1016 bium
2712 950 3068 1018 Italicarum
3133 971 3360 1017 numos
3421 969 3576 1017 non
3643 947 3844 1016 fuisse
3912 947 4041 1016 nisi

830 1070 968 1117 mus
1012 1068 1245 1115 aeneos
1299 1047 1570 1146 quoque.
1659 1048 1985 1155 Habemus
2035 1059 2179 1121 ante
2232 1047 2402 1115 istud
2468 1072 2744 1133 aeneos,
2874 1051 3050 1140 quod
3171 1052 3423 1140 quidem
3536 1059 4037 1137 argumentorum

830 1162 1072 1239 tempus
1129 1151 1419 1236 cognitos
1480 1171 1563 1216 ex
1618 1141 1821 1218 numia
1873 1171 2054 1238 reges
2094 1149 2401 1244 Macedo·
2468 1156 2712 1240 agmine
2754 1154 3170 1241 comprobare
3213 1173 3469 1220 necesse
3510 1173 3644 1218 non
3699 1162 3829 1234 est,
3898 1171 4071 1236 cum,

806 1253 1013 1335 -niae,
1090 1252 1384 1331 Siciliae,
1472 1251 1734 1333 Cariae,
1811 1252 2026 1339 Cypri.
2140 1235 2400 1321 Omnes
2467 1272 2687 1337 nemo,
2763 1258 3028 1344 opinor,
3095 1256 3207 1337 sit,
3275 1257 3382 1344 qui
3439 1255 3616 1322 istud
3657 1257 3736 1321 ιιι
3779 1254 4036 1324 dubium
4111 1306 4120 1311 .

829 1377 979 1423 vere
1002 1354 1246 1423 horum
1289 1375 1514 1420 numos
1558 1362 1700 1420 e‘sse
1743 1364 2110 1440 argenteos,
2166 1376 2399 1423 aeneos
2467 1367 2673 1447 vocet,
2746 1367 2812 1424 et
2873 1360 2974 1425 cui
3030 1359 3265 1444 cogniti
3318 1379 3452 1424 non
3505 1357 3633 1423 sint
3681 1334 4038 1423 Italicarum

828 1479 1013 1539 vero,
1087 1458 1196 1545 qui
1248 1455 1329 1521 iis
1395 1455 1586 1522 tribui
1636 1454 1877 1536 solent,
1952 1467 2059 1524 aut
2122 1457 2398 1547 regibus,
2465 1437 2712 1528 urbium
2766 1481 2942 1526 asses
2995 1469 3130 1526 aut
3153 1463 3288 1545 ejus
3341 1468 3550 1548 partes
3602 1458 4038 1525 remotissimis

833 1579 1098 1647 quorum
1169 1558 1423 1625 nomina
1496 1557 1961 1639 inscribuntur,
2051 1581 2184 1626 non
2258 1581 2413 1627 esse
2429 1554 2852 1650 temporibus
2894 1560 3054 1645 fusi.
3120 1560 3426 1627 Paucae
3406 1584 3500 1628 ιιι
3524 1561 3670 1627 hoc
3694 1570 3924 1627 tractu
3935 1580 4038 1626 ur·

816 1655 1255 1750 synchronos,
1300 1667 1407 1725 aut
1448 1658 1533 1726 ad
1575 1661 1959 1746 posteriores
2018 1666 2155 1746 ejus
2198 1661 2397 1729 nomi·
2468 1663 2580 1730 bes
2624 1673 2945 1750 argentum
3004 1664 3071 1730 in
3122 1671 3437 1747 monetam
3488 1660 3867 1742 conflarunt,
3924 1682 4034 1728 ne-

829 1764 933 1831 nis
972 1782 1153 1850 reges
1194 1761 1536 1849 pertinere,
1598 1771 1705 1828 aut
1746 1783 1888 1828 esse
1928 1763 2236 1845 incertos,
2295 1771 2400 1830 aut
2469 1786 2592 1853 que
2641 1775 2888 1855 praeter
2931 1761 3349 1865 Populoniam
3402 1771 3465 1830 et
3517 1760 3805 1833 Faliscos
3847 1763 4037 1829 aliam

828 1861 1058 1929 dubiae
1107 1861 1295 1944 fidei,
1354 1862 1511 1929 nolo
1572 1860 1676 1928 hic
1740 1863 1993 1949 longius
2059 1864 2397 1953 disputare,
2468 1866 2652 1949 novi,
2734 1867 2849 1933 illa
2921 1865 3090 1934 haud
3177 1866 3369 1933 dubie
3455 1866 3808 1937 commercii
3893 1885 4035 1934 cum
4147 1896 4153 1901 ·

830 1965 976 2053 quia
1027 1963 1183 2031 haec
1247 1964 1459 2031 omnia
1511 1964 1642 2050 peti
1700 1974 1970 2052 possunt
2036 1988 2120 2032 ex
2173 1984 2399 2033 eorun-
2470 1968 2728 2034 Graecis
2816 1989 3004 2035 causa
3023 2018 3042 2052 ‚
3131 1969 3277 2056 quia
3360 1966 3691 2047 maritima,
3771 1964 4031 2044 Falisci,
4110 1994 4124 2019 ι

831 2065 977 2136 dem
1041 2085 1256 2151 regum
1316 2066 1541 2148 mimis,
1615 2064 1683 2131 in
1736 2086 2002 2155 quorum
2061 2070 2406 2135 enarratio·
2469 2067 2615 2156 quia
2653 2069 2780 2156 ipsi
2822 2069 3063 2155 origine
3094 2070 3320 2137 Graeci
3362 2069 3547 2135 etiam
3586 2070 3655 2134 ιιι
3690 2066 3819 2133 hoc
3841 2064 4035 2135 Grae·

830 2192 913 2238 ne
965 2167 1213 2256 singula
1280 2166 1443 2235 haee
1508 2167 1712 2253 capita
1761 2163 2055 2255 adcurate
2115 2169 2400 2237 enuclea·
2468 2185 2684 2238 corum
2759 2171 3106 2239 institutum
3169 2181 3511 2247 servarunt.
3602 2170 4048 2239 Romanorum

833 2272 1079 2341 buntur.
1307 2316 1313 2321 -
2468 2284 2781 2343 monetam
2886 2263 3373 2362 antiquissimam
3477 2272 3672 2339 fixisse
3779 2266 4056 2338 aeneam‘

888 2442 901 2446 -
998 2374 1156 2441 Dixi
1204 2373 1550 2462 principio,
1608 2373 1676 2441 in
1726 2375 2154 2463 antiquissima
2207 2375 2402 2441 Grae·
2468 2394 2607 2443 cum
2647 2377 2988 2463 scriptores
3031 2384 3273 2445 veteres
3317 2394 3569 2454 omnes,
3639 2384 3772 2441 tum
3820 2383 3884 2440 et
3922 2391 4034 2453 ιιιι
4105 2444 4110 2445 ff

832 2495 1048 2542 eorum
1124 2485 1381 2543 moneta
1458 2476 1643 2542 etiam
1723 2495 1974 2542 auream
2045 2474 2401 2562 putandam.
2467 2477 2554 2543 mi
2603 2476 2729 2563 ipsi
2792 2472 3052 2558 docent,
3129 2485 3195 2543 et
3261 2474 3626 2542 docebimus
3690 2474 4037 2543 liberaliter

829 2578 1076 2645 Revera
1154 2599 1244 2643 ex
1325 2577 1454 2642 hoc
1551 2576 1808 2643 metallo
1896 2585 2147 2643 exstant
2231 2576 2402 2645 numi
2467 2578 2535 2644 in
2619 2576 3084 2665 prolegomenis
3151 2576 3255 2645 *ad
3338 2598 3564 2645 numos
3648 2576 4035 2645 consulares.
4129 2576 4137 2582 ’
4241 2618 4252 2631 »

740 2730 755 2737 ,
832 2674 1283 2766 antiquissimi,
1368 2676 1485 2745 sed
1566 2679 1829 2747 urbium.
1897 2688 2134 2746 tantum
2148 2726 2168 2761 ,
2256 2696 2402 2744 nam
2471 2683 2873 2767 Quapropter
2969 2679 3051 2747 de
3144 2679 3364 2745 Italica
3459 2688 3697 2745 tantum
3782 2689 4040 2745 moneta

832 2800 1134 2848 aureum
1120 2779 1418 2867 regium,
1489 2780 1595 2866 qui
1661 2778 2020 2868 Philippum
2078 2781 2195 2867 Π.
2226 2800 2403 2868 prae·
2468 2779 2941 2868 intelligendum
3005 2788 3132 2861 est,
3195 2785 3370 2868 quod
3438 2779 3599 2846 dixit
3650 2779 3931 2847 isidorus
3956 2790 4035 2862 ·:)
4053 2860 4078 2872 ,

831 2889 1130 2963 verteret,
1203 2880 1475 2973 demptis
1541 2881 1867 2951 Persarum
1926 2860 2203 2964 Daricis,
2270 2901 2405 2948 non
2470 2885 2900 2968 Antiqm‘seimi,
2984 2886 3241 2949 nondum
3301 2906 3453 2951 aiu-o
3516 2862 3877 2969 armoque
3937 2888 4030 2947 in·

546 3006 557 3019 ’
688 3012 707 3031 2
830 2985 1001 3052 novi.
1088 2978 1400 3070 Exempla
1461 2999 1792 3050 aureorum
1857 2984 2146 3053 omnibus
2211 3004 2404 3051 canae
2468 2998 2636 3053 vatio
2653 3034 2672 3068 ‚
2736 3008 2875 3053 aere
2929 2986 3259 3057 ιιτοόωιιιιν.
3389 2985 3555 3050 Nam
3587 2992 3785 3069 ptius
3855 3005 4035 3052 aerea

831 3086 1157 3154 vetustatis
1196 3086 1368 3153 notis
1416 3085 1749 3170 insignium
1802 3084 1999 3155 habes
2052 3084 2221 3175 apud
2263 3074 2403 3152 Pel·
2461 3094 2718 3172 poewn'a
2763 3111 2827 3153 m
2879 3108 2994 3153 usu
3043 3089 3336 3153 boumn
3379 3086 3554 3169 fiat,
3623 3098 3762 3170 post
3814 3108 4036 3171 argen-

826 3187 1242 3271 leriniuw),
1316 3197 1446 3256 tum
1502 3208 1664 3275 quae
1726 3188 1993 3275 sparsim
2055 3209 2171 3275 per
2241 3209 2403 3289 opus
2468 3202 2596 3269 tea,
2670 3193 2877 3258 deivido
2944 3190 3546 3289 aurea-abscondo,
3611 3182 3722 3255 sed
3785 3190 3863 3277 ᾳό
3936 3183 4032 3264 ἔα,

830 3312 1011 3357 suum
1049 3290 1360 3371 recitavit,
1420 3300 1490 3357 ut
1546 3290 1613 3356 in
1658 3300 1916 3357 moneta
1960 3290 2177 3371 Cyzici
2191 3339 2209 3372 ‚
2256 3290 2403 3357 Per·
2468 3314 2590 3378 qua
2642 3297 2860 3376 eoepit,
2909 3314 3116 3359 nomen
3171 3296 3422 3356 recanat.
3520 3291 3673 3354 Vnde
3723 3299 3797 3354 'et
3861 3307 4034 3355 aeta·

830 3392 996 3477 gami
1050 3400 1199 3481 etc„
1264 3412 1424 3477 quae
1482 3390 1801 3477 exempla,
1874 3392 1992 3459 etsi
2044 3410 2186 3457 rara
2235 3402 2401 3472 sunt,
2468 3395 2629 3457 rium
2694 3396 2911 3457 ἀιὶιιιπι
2930 3438 2954 3470 ,
3042 3396 3183 3477 quia
3256 3395 3430 3473 prius
3493 3411 3597 3455 aes
3670 3399 3902 3454 tamum
3969 3394 4037 3473 ῆι

833 3500 898 3558 et
967 3491 1475 3578 paucissimarum
1560 3498 1800 3556 tantum
1880 3491 2155 3572 urbium,
2249 3492 2401 3557 satis
2467 3513 2585 3559 usu
2649 3490 2815 3573 fm't,
2906 3503 2964 3558 et
3035 3496 3242 3574 ipsum
3315 3496 3509 3558 solum
3589 3491 4132 3574 recondebatur„

830 3603 1037 3661 tamen
1088 3590 1298 3657 valent
1361 3588 1445 3656 ad
1513 3588 2048 3677 comprobandam
2112 3600 2402 3659 monetae
2467 3615 2619 3659 ‹zm-o
2681 3603 3042 3677 argentoque
3103 3597 3358 3659 nondum
3418 3599 3692 3677 signato,
3757 3614 3832 3659 ex
3889 3610 4036 3677 qno·

680 3760 703 3771 f
814 3715 1069 3767 aureae
1128 3692 1575 3779 antiquitatem.
1704 3693 1896 3759 Teste
1974 3692 2315 3760 Herodoto
2371 3696 2401 3773 )
2466 3717 2603 3760 mm
2663 3697 2922 3773 mmm
2984 3700 3250 3779 quamvis
3311 3705 3521 3777 postca
3562 3695 3751 3777 sacta
3803 3694 4037 3776 sm‘esct

822 3800 985 3883 jam
1043 3792 1410 3877 Polycrates
1494 3792 1672 3873 Sami
1771 3803 2074 3875 tyrannus
2172 3814 2398 3862 numos
2463 3801 2750 3880 ροσωιιία,
2845 3818 3051 3864 noman
3125 3809 3319 3863 tamen
3402 3802 3632 3864 cerani
3673 3801 4035 3878 permansit

710 3972 718 3980 ,
832 3918 1057 3965 aureos
1144 3896 1442 3983 signavit,
1529 3915 1815 3981 magnam
1900 3895 2027 3963 vim
2110 3906 2401 3964 monetae
2466 3899 2554 3967 ab
2595 3920 2665 3967 eo
2728 3901 3002 3976 melo,
3071 3903 3226 3975 unde
3287 3904 3512 3966 mum
3579 3905 3846 3982 ωηιμίι.
3930 3897 4044 3964 De

832 3999 1070 4087 patriae
1140 4020 1177 4065 e
1240 3998 1501 4090 plumhq
1568 3996 1798 4065 feriens
1860 3998 2245 4089 (ἐπιχαιριον
2293 4020 2400 4065 νο·
2469 3997 2687 4065 eadem
2738 3999 2959 4065 Italica
3010 3998 3452 4086 intelligendus
3504 4009 3604 4066 est
3652 3997 3899 4073 locutus
3947 3999 4048 4064 Dr

832 4121 1048 4186 μισμα
1107 4108 1374 4183 κοψας)
1400 4149 1417 4178 ,
1516 4120 1776 4187 eamque
1806 4143 1814 4152 -
1847 4119 2000 4166 auro
2076 4099 2402 4168 obducens
2470 4101 2883 4188 Augustinus,
2930 4122 3069 4167 cum
3107 4102 3290 4182 ait‘):
3364 4114 3473 4168 cur
3503 4100 3856 4167 ’habendus
3911 4100 4062 4166 ho„

831 4200 1346 4269 Lacedaemoniis
1421 4200 1688 4284 obtulit,
1775 4203 1893 4268 etsi
1966 4201 2105 4290 ipse
2185 4211 2406 4270 auctor
2437 4204 2620 4269 ‘nor'
2644 4209 2753 4271 deo
2804 4207 3133 4275 Aesendoew
3185 4208 3421 4292 afilia
3486 4210 3616 4285 qius
3680 4205 4031 4286 Argamo,

834 4301 1003 4371 facto
1057 4302 1204 4369 huic
1266 4302 1454 4370 fidem
1516 4324 1650 4369 non
1711 4303 2006 4393 adstruat.
2092 4304 2243 4372 Fuit
2283 4306 2404 4372 Po·
2470 4317 2539 4371 ut
2637 4307 2886 4373 habeam
2932 4328 3211 4375 ,aeream
3309 4317 3766 4391 argenteamque
3854 4326 4032 4388 pecu·

974 4522 1039 4593 q)
1074 4523 1193 4579 Rec-
1227 4523 1314 4578 ΙΙΙ.
1348 4523 1454 4590 μδ.
1489 4525 1603 4576 115.
1740 4518 1800 4587 r)
1837 4520 1895 4576 1..
1932 4521 2020 4577 111.
2055 4541 2102 4579 c·
2137 4520 2220 4581 ⁵6.
2357 4522 2414 4590 a)
2451 4521 2594 4589 Οεις.
2631 4523 2690 4579 ιε
2721 4520 2855 4579 XVI.
2892 4502 2939 4578 c.
2975 4527 3054 4581 17.
3125 4522 3168 4588 t)
3203 4522 3268 4578 de
3291 4518 3440 4593 eivit-
3474 4522 3574 4578 Dei
3611 4521 3670 4577 L.
3703 4524 3792 4582 lv.
3831 4543 3875 4576 e.
3910 4524 3998 4575 2¹·
