4450 5542
670 506 681 581 .’
782 541 873 589 xx

1692 470 2440 597 PROLEGOMENA
2491 522 3069 625 GENERAmA.

959 683 1229 759 corium,
1294 679 1564 769 factique
1627 705 1711 749 ex
1773 683 1900 755 hoc
1964 687 2135 752 numi
2200 684 2353 751 dicti
2416 703 2590 766 mus,
2658 705 2881 752 numus
2909 704 3019 759 ex
3068 680 3238 749 ferro
3297 678 3588 768 antiquus
3641 672 3853 746 nullus
3907 677 3993 744 ad

786 791 1017 873 semei,
1065 783 1324 850 Graecis
1367 796 1677 850 σκυτινοι.
1765 785 2089 875 Frequens
2134 809 2352 855 eorum
2418 807 2540 853 nos
2624 786 2996 874 pervenerit.
3105 782 3335 872 Neque
3411 786 3710 870 propter
3759 778 3997 847 similes

789 884 956 1005 apud
1008 895 1249 953 veteres
1305 885 1559 951 mentio.
1643 885 1876 971 Fuere,
1934 889 2040 978 qui
2094 890 2351 958 Cartha·
2419 910 2639 958 causas
2713 888 2940 956 certius
3007 885 3160 975 quid
3238 905 3577 974 possumus
3644 881 3728 950 de
3793 881 3997 952 numis

742 989 1100 1078 ..ginienses
1141 988 1218 1055 iis
1264 1009 1414 1054 usos
1452 986 1885 1074 adfirmarent,
1942 1013 2211 1079 quorum
2263 1003 2352 1060 te-
2418 993 2694 1058 stanneis
2747 990 3000 1059 referre.
3095 985 3543 1059 Plumbeorum
3596 985 3760 1052 ratio
3803 984 4000 1069 magis

782 1091 1082 1160 'stimonia
1138 1089 1425 1158 dabimus
1480 1092 1548 1156 in
1612 1094 1830 1161 eorum
1891 1103 2157 1161 moneta.
2257 1095 2359 1161 De
2425 1088 2522 1160 est
2563 1092 2889 1182 expedita,
2946 1091 3094 1181 quia
3142 1111 3361 1157 eorum
3417 1087 3632 1175 plures
3686 1086 3875 1155 variis
3929 1084 4001 1151 in

791 1193 1115 1283 Spartanis
1201 1190 1365 1257 idem
1451 1203 1665 1261 narrat
1749 1192 1993 1262 Seneca
2002 1194 2089 1281 ·),
2179 1200 2359 1282 cujus
2426 1196 2655 1277 museis
2710 1194 3137 1261 adservantur.
3241 1192 3332 1258 Hi
3387 1189 3653 1277 duplicis
3708 1186 3855 1254 sunt
3896 1207 4000 1275 ge·
4061 1238 4066 1243 .

790 1298 1002 1364 locum
1059 1294 1342 1362 dabimus
1384 1293 1603 1377 infra,
1692 1294 1773 1363 de
1843 1298 2149 1364 Romanis
2217 1299 2406 1365 Sui--

940 1399 963 1432 ἆ
1196 1436 1208 1444 .

793 1400 907 1468 das
963 1398 1240 1583 {Ag-mm
1329 1494 1575 1563 Numis‘
1598 1496 1821 1584 ligneis
1855 1500 2191 1633 Romanos‘
2209 1454 2363 1569 usos

752 1676 759 1689 ,
796 1599 965 1713 apud
1009 1598 1358 1677 Cedrenum
1402 1600 1670 1687 reperio,

706 1734 717 1743 ·
976 1690 1167 1770 Testa.

799 1805 947 1887 das,
1000 1825 1228 1870 numos
1280 1801 1408 1870 illis
1465 1806 1619 1872 olim
1669 1804 1982 1877 testaceos
2010 1805 2366 1894 (ὀστρακι-

768 1907 1029 1997 ’νους)
1022 1905 1214 1973 fuisse
1236 1907 1306 1989 ⁰.)

1359 2007 1393 2041 t
1650 2006 1659 2015 ‘
1770 2009 1807 2045 1»

1566 2055 1601 2092 ἢ

974 2110 1281 2176 Enarrata
1343 2107 1501 2174 varii
1561 2110 1807 2196 generis
1874 2113 2130 2179 materia
2184 2104 2368 2203 quae-⁵

802 2213 991 2295 titur,
1073 2210 1339 2287 fueritne
1408 2210 1557 2275 his
1556 2233 1873 2299 quoque,
1960 2214 2223 2302 perinde
2297 2234 2374 2281 ac

804 2337 991 2398 aur0,
1062 2322 1352 2401 argente,
1416 2312 1572 2395 aeri,
1617 2315 1943 2403 'impressa
1994 2317 2100 2384 vel
2143 2318 2371 2385 insouh

805 2427 914 2505 pta
948 2408 1210 2505 publico
1266 2414 1552 2483 consilio
1574 2427 1783 2505 atque
1836 2421 2205 2487 auctoritate
2258 2443 2372 2487 no-

806 2530 925 2602 ta,
988 2520 1080 2585 sic
1122 2529 1218 2586 ιιι
1283 2516 1571 2586 monetae
1650 2520 2052 2589 conditiones
2126 2545 2373 2607 omnes,

808 2642 965 2710 quas
1024 2644 1063 2687 a
1115 2590 1304 2688 nobis
1364 2621 1596 2710 requiri
1652 2644 1842 2711 supra
1912 2623 2216 2709 diximus,
2287 2628 2376 2692 vi-

813 2722 1077 2790 deantur
1118 2722 1396 2811 implere.
1486 2724 1593 2791 Ad
1643 2724 1873 2793 ferrum
1918 2721 2092 2826 quod
2135 2730 2375 2811 attinet,

812 2812 900 2892 ait
942 2819 1175 2893 Pollux
1193 2828 1277 2908 ‘),
1332 2836 1681 2895 monetam
1703 2828 1967 2897 ferream
2022 2830 2191 2920 apud
2249 2833 2379 2915 By-

781 2904 1058 2996 zantios
1104 2929 1205 2995 sic
1258 2938 1605 3018 erogatam,
1679 2933 1848 3000 sicut
1891 2931 2045 3009 alibi
2098 2954 2377 3015 aeneam,

815 3030 902 3109 ὡς
953 3055 1023 3099 τε
1066 3030 1215 3099 ἀντι
1256 3052 1417 3101 tovi
1474 3056 1653 3120 πριω
1694 3059 1831 3119 μοι
1856 3058 2059 3121 τριων
2096 3038 2379 3139 χαλκων,

2429 1297 2629 1385 neris,
2710 1296 2820 1362 alii
2884 1306 3029 1365 sunt
3093 1296 3334 1362 animae
3402 1312 3760 1372 numorum,
3841 1309 4003 1379 quos

2431 1410 2608 1471 vetus
2666 1396 2845 1471 stans
2899 1394 3075 1475 te'nui
3142 1394 3384 1484 argenti
3448 1394 3681 1461 lamina
3731 1392 4002 1474 vestivit,

2433 1524 2558 1591 qua
2650 1498 2958 1590 dilapsa
2999 1499 3200 1588 patuit
3299 1496 3572 1585 denique
3659 1493 4004 1613 plumbum,

2337 1656 2342 1665 .
2429 1614 2619 1694 atque
2659 1626 2786 1672 una
2828 1600 3017 1670 dolus
3060 1602 3279 1670 malus.
3365 1600 3526 1687 Ejus
3568 1598 3817 1685 generis
3857 1597 4004 1663 insi·
4017 1634 4024 1645 ·

1254 1701 1354 1766 De
1395 1700 1619 1769 iisdem
1657 1702 1961 1771 Romanis
2003 1704 2195 1775 refert
2224 1706 2364 1773 Sui·
2430 1728 2619 1795 gnem
2694 1709 3157 1790 Syracusanum
3242 1701 3654 1793 praegrandis
3742 1678 4006 1781 moduli,
4045 1738 4050 1747 ‚

2434 1813 2612 1903 cujus
2678 1806 2902 1876 modi
2897 1816 3222 1897 quatuor,
3311 1804 3429 1874 sed
3495 1803 3808 1892 argentei,
3900 1823 4006 1868 ex·

2435 1920 2606 1979 stant
2677 1913 2745 1979 in
2815 1910 3132 1999 Principis
3197 1909 3419 1976 Turris
3484 1904 3728 1973 Mutiae
3795 1903 4010 1972 Sicilia

2437 2012 2873 2083 numismatica
2923 2012 3138 2080 tabula
3188 2008 3487 2091 LXXII„
3553 2016 3826 2075 ostentat
3879 2000 4007 2073 ιἰιιι-

2440 2138 2614 2184 seum
2660 2116 3054 2199 Caesareum,
3098 2113 3289 2180 alium
3329 2111 3482 2179 item
3524 2109 3826 2177 Antiochi
3865 2107 4010 2174 VII.

2441 2219 2665 2305 Syriae
2735 2216 2900 2304 'regis
2943 2215 3251 2309 ⁸‘eiusdem
3315 2212 3652 2302 voluminis
3717 2233 3792 2279 ac
3851 2210 4011 2297 typi,

2416 2341 2606 2407 ‘quos
2663 2318 3019 2408 praeferunt
3079 2317 3272 2404 vulgo
3332 2321 3467 2402 ejus
3519 2315 3686 2401 regis
3743 2313 4014 2400 argentei

2440 2421 2906 2490 tetradrachmi-
3035 2421 3168 2487 Alii
3248 2428 3394 2487 sunt
3463 2416 3759 2506 ‘plumbei
3839 2414 4016 2481 nulla

2442 2522 2665 2597 fraude
2682 2573 2700 2606 ,
2761 2521 2876 2590 sed
2922 2545 3006 2588 ex
3048 2523 3342 2621 instituo,
3402 2541 3668 2610 quorum
3708 2518 4016 2604 insignem

2444 2647 2765 2694 numerum
2842 2624 3042 2692 edidit
3109 2624 3482 2717 Franciscus
3558 2621 3912 2705 Fico'ronus
3933 2614 4014 2702 ¹⁸),

2446 2753 2611 2820 quos
2664 2721 2873 2796 tamen
2923 2748 3136 2795 veram
3182 2747 3505 2817 nunquam
3559 2723 3751 2792 fuisse
3801 2743 4014 2790 mone·

2445 2841 2606 2914 tam,
2693 2829 2809 2897 sed
2881 2829 3021 2897 aliis
3101 2830 3318 2899 usibus
3384 2828 3756 2909 destinatos,

2446 2956 2583 3002 mus
2631 2933 2699 2999 in
2751 2942 3019 3000 tractatu
3083 2933 3166 3000 de
3230 2930 3764 3021 pseudomoneta,
3829 2942 4016 3024 quor·

2447 3058 2585 3104 sum
2614 3039 2762 3122 jure
2804 3035 3138 3125 pertinent.
3208 3036 3514 3103 Scorteis.
3534 3031 3867 3119 imaginem
3908 3026 4017 3095 ali·

3847 2823 4012 2912 dice-
4103 2840 4106 2843 ·

622 3471 630 3479 ·
708 3518 717 3523 ι
819 3442 1183 3529 impressam
1268 3442 1538 3530 aliquam
1625 3453 1861 3511 notam.

816 3136 1076 3222 hymn
1109 3158 1307 3225 πριω
1326 3161 1446 3221 μοι
1502 3159 1700 3223 τριων
1753 3139 2072 3222 σιδηρων,
2126 3140 2195 3206 u}
2230 3152 2378 3223 pro-⁸
2450 3162 2637 3230 quam
2694 3138 2887 3206 fuisse
2923 3140 3334 3229 impressam,
3401 3134 3691 3204 nonnulli
3748 3141 4026 3198 veterum

814 3259 937 3307 mc
986 3239 1131 3305 mihi
1175 3241 1381 3307 tribus
1419 3245 1650 3319 aeneis,
1708 3246 1999 3310 avomnt:
2070 3264 2193 3310 eme
2244 3244 2389 3309 milei
2450 3241 2884 3329 prodiderunt.
2994 3242 3322 3319 Seneca‘)z
3395 3243 3522 3307 Aes
3597 3238 3855 3301 alimum
3917 3234 4024 3298 ha-
4143 3260 4214 3277 ··

817 3342 1005 3407 tn'bus
1043 3340 1295 3423 ferrei-5.
1391 3340 1525 3409 Sed
1586 3362 1720 3409 non
1782 3343 1991 3427 addit,
2058 3343 2255 3412 fuisse
2306 3344 2385 3411 iis
2452 3349 2589 3415 bere
2648 3351 2893 3422 dicim,
2962 3355 3020 3409 et
3080 3347 3187 3427 qm·
3238 3361 3455 3408 awo-eos
3526 3339 3721 3415 debet,
3810 3346 3867 3402 et
3924 3355 4029 3419 92⁶²

1974 3446 2216 3515 Tamen
2305 3469 2389 3514 ex
2453 3455 2678 3517 corium
2739 3447 3002 3530 ,forma
3038 3444 3278 3527 publeci
3371 3451 3752 3525 percnum,
3852 3438 4029 3522 quale

796 3540 1155 3625 'Hesychio
1176 3544 1229 3624 ⁸)
1303 3545 1437 3611 erui
1505 3554 1747 3647 potest,
1826 3545 2090 3613 deorum
2152 3547 2428 3616 formas
2454 3555 2630 3636 apud
2686 3549 3173 3649 Lacedaemonios
3215 3544 3424 3627 suit,
3459 3542 3650 3628 quod
3681 3562 3855 3610 mm
3917 3562 4026 3606 wu-

823 3645 890 3711 in
928 3644 1009 3711 iis
1052 3642 1246 3711 fuisse
1285 3646 1579 3733 signatas,
1625 3649 1684 3714 si
1723 3647 1918 3715 modo
1959 3648 2151 3736 hujus
2189 3672 2390 3739 gram·
2456 3661 2720 3719 moratae
2762 3634 3048 3745 pecinnae
3109 3657 3430 3734 praestat.
3491 3645 3576 3711 Et
3617 3638 4026 3724 Isidorus¹)·

823 3747 1032 3816 matici
1076 3747 1321 3816 dictatis
1364 3747 1627 3818 velimus
1667 3749 1902 3819 habere
1942 3751 2149 3821 fi'dem.
2232 3755 2404 3821 Fo‘rae
2458 3756 2558 3821 De
2640 3758 2802 3818 corio
2880 3756 3034 3818 enim
3113 3754 3403 3834 pemdmn
3478 3738 3645 3816 πυὼιί
3706 3746 4026 3812 „addeban-

818 3860 890 3919 te
938 3848 1129 3918 ferrei
1179 3850 1250 3916 hi
1305 3852 1475 3919 numi
1528 3850 1701 3941 aliud
1752 3874 1886 3921 non
1936 3853 2187 3938 fuere,
2205 3877 2394 3946 quam
2457 3866 2616 3936 tur,
2658 3865 2726 3920 etu
2764 3853 3175 3938 dgnaboeuur.
3270 3851 3360 3919 At
3423 3850 3590 3917 enim
3636 3858 3896 3928 vereo‘r,
3959 3850 4030 3910 ut

818 3963 1107 4022 resectae
1156 3952 1434 4026 laminae
1501 3954 1570 4021 in
1636 3954 1813 4024 hunc
1872 3976 2052 4024 usum
2116 3970 2391 4049 paratae,
2460 3955 2789 4045 scriptoris
2871 3953 3194 4042 utriusque
3249 3953 3618 4021 auctoritas
3705 3946 4034 4018 cordatum

828 4066 939 4123 aut
1003 4057 1241 4125 minuta
1304 4056 1611 4176 quaedam
1683 4080 1758 4125 ac
1834 4056 2018 4127 rudia
2086 4060 2414 4149 ponderat
2460 4058 2744 4156 quemvis
2821 4057 3127 4125 continuo
3199 4055 3284 4124 ad
3346 4073 3668 4124 assensum
3731 4047 4031 4140 impellat,

832 4157 964 4226 Sed
1016 4154 1234 4237 inutile
1283 4171 1408 4244 est,
1470 4162 1544 4230 in
1596 4160 1696 4229 his
1748 4161 1944 4229 nimio
1996 4183 2139 4229 esse
2191 4163 2395 4230 curio·
2462 4172 2650 4253 atque
2703 4158 2876 4229 haud
2939 4158 3131 4231 dubie
3195 4169 3489 4248 uterque,
3555 4153 3808 4233 audito,
3873 4170 4031 4220 non·

835 4258 1001 4343 sum,
1055 4282 1197 4329 cum
1246 4263 1484 4352 alioqui
1538 4262 1666 4331 ob
1691 4284 1942 4348 causas,
2013 4286 2169 4353 quas
2237 4260 2398 4334 dixi·
2464 4264 2657 4333 nullis
2741 4264 3000 4356 populis
3053 4256 3412 4387 pecuniam
3497 4256 3650 4328 olim
3723 4267 4035 4329 scorteum

3875 4403 4036 4421 φ

967 4501 1017 4561 c)
1052 4499 1119 4554 dc
1150 4497 1378 4556 Benefie.
1412 4501 1476 4555 1..
1508 4504 1561 4555 5.
1597 4519 1640 4554 c.
1676 4494 1759 4552 14.

701 4574 704 4581 .
837 4577 900 4650 ι)
931 4580 989 4636 in
1022 4581 1287 4656 muezoe.
1900 4498 1963 4566 θ
2000 4500 2058 4555 ιιι
2092 4504 2347 4572 mme-a.
2485 4498 2600 4571 ιγ
2578 4520 2635 4556 m
2666 4503 2950 4572 Aaronom.
3053 4498 3108 4565 o
3143 4499 3204 4554 ι..
3237 4496 3330 4550 ιι.
3361 4490 3399 4566 5
3436 4496 3520 4553 78.
3589 4458 3610 4513 Γ

1426 4583 1496 4653 1»)
1531 4584 1549 4637 i
1583 4581 1791 4638 Pio-nbi
1823 4583 2036 4639 antichi.
2110 4588 2132 4651 ᾗ
2168 4584 2223 4655 i)
2260 4587 2328 4643 de
2361 4584 2587 4646 Benefic-
2621 4583 2690 4669 [μ’
2714 4586 2777 4642 V-
2813 4605 2860 4642 ο.
2894 4578 2981 4641 ss·
3117 4578 3180 4651 k)
3215 4582 3276 4639 1..
3307 4580 3447 4637 xvl.
3480 4599 3527 4634 c·
3564 4580 3646 4637 ¹7.
