4450 5542
1556 519 1675 592 c
1720 523 1783 592 A
1838 522 1900 592 P
1954 523 2019 593 v
2072 523 2139 592 'r
2244 523 2465 594 xvss.
2737 539 2742 550 ·
2957 535 3008 590 ·-
3451 489 3664 600 xcvn'

430 685 739 750 latissime
780 690 953 780 patet
980 682 1233 749 Dorica.
1321 682 1553 764 Dores,
1602 684 1709 771 qui
1752 693 1816 750 et
1841 683 2010 751 Aeo·
2078 683 2592 771 ΣῙΙμβριανοις
2635 705 2749 772 per
2793 682 3128 750 dialectum
3169 684 3470 752 Doricam
3507 711 3652 756 eva·

428 785 563 868 les,
628 806 774 852 nam
829 796 899 852 ut
949 785 1212 853 eandem
1270 785 1422 852 olim
1462 785 1732 868 sedem,
1802 786 1895 851 sic
1949 796 2014 853 et
2080 805 2219 850 sere
2289 788 2468 853 ΜΕΊ
2473 788 2894 872 Auflpmvoa
2989 785 3157 852 Vide
3232 786 3386 871 olim
3452 810 3489 853 a
3555 812 3656 857 me

428 888 712 974 linguam
780 887 1086 967 habuere,
1176 909 1366 975 supra
1431 888 1731 955 Isthmum
1794 889 2009 976 positi,
2081 886 2429 975 disputata¹
2440 895 2494 963 ).

422 991 598 1058 aucti
648 990 886 1057 sobole
937 990 1331 1075 Megaridem
1386 992 1651 1079 primum
1703 992 2009 1071 invasere,
2251 988 2518 1056 Factum
2566 989 3046 1077 nonnunquam,
3102 1002 3174 1057 ιιι
3223 1011 3348 1057 una
3406 971 3651 1059 eadem-

292 1095 315 1102 *
427 1091 666 1159 deinde
710 1093 793 1159 ab
838 1092 1221 1160 Heraclidis
1240 1094 1309 1160 in
1360 1092 1868 1182 Peloponnesum
1909 1077 2005 1160 re-
2080 1111 2203 1178 que
2245 1090 2395 1158 urbs
2441 1091 2611 1162 varia
2656 1092 2940 1158 dialecto
2969 1103 3195 1158 numos
3236 1115 3386 1158 suos
3431 1095 3651 1162 inscri-

428 1194 605 1262 ducti
662 1195 877 1261 multis
938 1197 1005 1262 in
1058 1218 1132 1262 ea
1187 1195 1459 1263 conditis
1514 1197 1773 1263 urbibus
1832 1196 2007 1262 colo·
2080 1193 2273 1260 beret.
2362 1193 2655 1298 Plerique
2701 1195 3049 1261 Heracleae
3093 1196 3433 1278 Bithyniae
3477 1199 3652 1264 numi

280 1299 287 1305 ’
332 1289 341 1300 ’
424 1298 675 1364 uiarum
729 1297 901 1378 foras
957 1298 1281 1365 missarum
1335 1301 1593 1392 n'umero
1660 1320 1813 1387 prae
1865 1299 2006 1365 aliis
2077 1317 2429 1361 sermonem
2474 1297 2710 1364 habent
2751 1297 3087 1376 Doricum,
3145 1308 3210 1364 at
3253 1307 3397 1363 sunt
3441 1299 3646 1378 etiam,

268 1455 283 1462 -
422 1400 797 1468 inclaruere.
913 1400 1150 1467 Dorice
1209 1423 1381 1487 ergo
1419 1412 1734 1472 monetam
1791 1403 2005 1468 inscri·
2077 1397 2236 1484 qui
2245 1398 2532 1465 Ionicum
2600 1398 2900 1481 offerunt,
2983 1395 3158 1486 quod
3221 1399 3392 1466 haud
3458 1400 3650 1468 dubie

422 1523 615 1592 psere
670 1503 739 1568 in
802 1503 1065 1569 Graecia
1117 1508 1375 1592 propria
1428 1506 1646 1586 Locri,
1716 1504 2004 1596 Megara,
2077 1498 2348 1589 duplicis
2390 1502 2596 1587 gentis
2639 1502 3056 1588 permixtioni
3088 1511 3185 1568 est
3227 1502 3644 1570 tribuendum.

426 1604 955 1692 Peloponnesus,
1027 1604 1258 1673 deinde
1304 1606 1824 1695 propagantibus
1889 1606 2004 1672 lin·
2073 1599 2251 1668 Idem
2305 1602 2635 1676 observavi
2686 1603 2753 1669 in
2809 1614 3064 1671 moneta
3109 1604 3421 1693 Neapolis
3469 1607 3648 1674 Cam·

302 1719 327 1724 ’
414 1725 609 1793 guam
696 1705 1219 1775 colonis-‘urbes
1292 1687 1714 1792 Acarnaniae,
1801 1708 2002 1825 Epiri,
2073 1707 2315 1794 paniae.

416 1809 699 1891 lllyrici,
751 1809 1109 1896 complures
1147 1811 1457 1878 Graeciae
1516 1833 1810 1899 magnae,
1870 1811 2002 1876 uni·
2242 1807 2532 1875 Observo
2620 1776 2973 1896 praeterea,
3064 1808 3256 1876 urbes
3341 1809 3643 1892 Graecas,

418 1933 607 1980 versa
650 1911 904 1994 Sicilia,
967 1912 1051 1979 de
1100 1917 1276 1998 cujus
1337 1913 1607 1981 dialecto
1661 1915 1729 1981 in
1785 1912 2002 1979 Prole·
2068 1929 2304 1997 easque
2352 1909 2520 1976 forte
2578 1931 2827 1992 omnes,
2903 1909 3148 1996 abjecta
3202 1905 3502 1978 dialecto
3532 1931 3639 1979 na-

418 2015 711 2104 gomenis
787 2012 870 2079 ad
941 2017 1075 2099 ejus
1142 2015 1333 2081 urbes
1421 2017 1727 2108 privatim
1797 2036 1997 2100 agam,
2049 2014 2193 2082 ,tiva
2261 2011 2584 2102 paullatim
2652 1959 2984 2078 dialectum
3051 2035 3443 2082 communem
3516 2037 3640 2080 am·

420 2116 612 2183 urbes
681 2115 929 2202 aliquot
988 2115 1329 2198 Thraciae,
1403 2118 1470 2183 in
1535 2118 1692 2184 Asia
1756 2118 2021 2183 minore
2065 2113 2305 2201 plexas.
2390 2114 2613 2181 Thasii
2662 2116 2729 2180 in
2769 2116 3216 2202 antiquissimis
3261 2115 3392 2184 suis
3434 2119 3669 2188 numis.

420 2217 726 2299 Rhodus,
776 2218 990 2298 Caria,
1008 2218 1381 2298 nonnullae
1424 2219 1831 2300 Bithynicae,
1888 2217 1996 2284 de·
2064 2216 2375 2302 scripsere
2414 2216 2650 2283 Dorice
2698 2217 3078 2297 ΘΑΤΙΩΝ,
3145 2203 3442 2308 deinceps
3488 2242 3642 2287 con·

418 2322 611 2409 nique
657 2321 866 2400 Creta,
915 2328 980 2385 et
1018 2320 1086 2385 in
1126 2305 1343 2387 Africa
1390 2322 1654 2403 Cyrene.
1744 2322 1847 2387 Ex
1891 2344 1995 2387 co·
2030 2327 2301 2384 stanter
2347 2319 2716 2386 ΘΑΣΙΩΝ.
2794 2320 3232 2402 Methymnaei
3275 2323 3488 2402 Lesbi,
3531 2325 3640 2411 qui

416 2423 611 2490 laniis
680 2421 983 2505 Ionicis,
1026 2445 1287 2511 quarum
1359 2424 1689 2490 maximam
1758 2434 1997 2511 partem
2065 2420 2270 2487 adhuc
2356 2421 2478 2487 sub
2547 2401 2824 2508 Trajano
2896 2424 3178 2491 Aeolice
3262 2417 3357 2490 se'
3420 2424 3640 2492 dixere

418 2526 631 2594 emisit
658 2524 945 2608 Miletus,
992 2526 1204 2612 lingua
1248 2527 1450 2613 patria
1490 2528 1557 2593 in
1601 2527 1801 2594 numis
1845 2549 1997 2594 usae
2061 2525 2605 2609 ΜΑΘΤμναιους
2618 2574 2638 2607 ,,
2680 2524 3057 2609 (Pellerin.)
3099 2527 3301 2596 serius
3350 2526 3638 2594 dicuntur

415 2638 567 2698 sunt
622 2625 917 2695 Massilia
977 2627 1252 2711 Galliae,
1308 2629 1567 2696 Abdera
1618 2639 1682 2695 et
1724 2630 1993 2722 Apouq·
2063 2628 2663 2694 ΜΗΘΤΜΝΑΙΟΙ.
2750 2629 2864 2694 Ειι’
2899 2631 3433 2714 Μεταμβριανοις
3489 2630 3664 2697 facti·

411 2731 526 2798 nia
566 2729 911 2812 Thraciae,
967 2741 1081 2798 etc.
1166 2731 1436 2798 Aeolice
1490 2743 1737 2822 praeter
1774 2733 1992 2801 Aeoli·
2066 2730 2606 2815 Μισαμβριανοι,
2633 2729 2799 2796 forte
2838 2741 2902 2797 et
2925 2733 3392 2816 Μεσηβριανοι.
3436 2732 3636 2805 (vail-

416 2831 569 2900 dem
611 2833 839 2900 locuti
854 2844 997 2902 sunt
1038 2835 1211 2900 numi
1251 2836 1491 2901 vicinae
1536 2834 1745 2902 Lesbi.
1904 2907 1911 2914 ,
2061 2831 2242 2914 lant.)
2327 2831 2405 2898 In
2457 2832 2899 2920 antiquissimis
2952 2855 3168 2919 regum
3211 2834 3636 2903 Macedoniae

600 2935 839 3008 Harum
882 2936 1159 3021 cognitio
1202 2935 1611 3004 dialectorum
1655 2956 1843 3024 saepe
1884 2957 1990 3002 ne·
2059 2935 2262 3001 numis
2305 2935 2542 3001 Dorice
2566 2936 2818 3002 ΑΛΕ..
2791 2936 3140 3002 ’.ΑΝΔΡΟ
3171 2939 3633 3004 ΑΡΧΕΛΑΟ.

404 3056 703 3128 cessura,
737 3047 832 3116 est
874 3038 956 3104 ad
999 3038 1415 3108 collocandos
1459 3041 1576 3106 rite
1619 3061 1844 3105 numos
1887 3061 1983 3105 ur-
2053 3038 2452 3106 ΑΜΓΝΤΑ
2495 3039 3022 3116 ΠΑΥΣΑΝῚΑἿ
3077 3046 3143 3104 at
3192 3036 3342 3103 inde
3396 3061 3434 3103 a
3487 3038 3633 3104 Phi·

421 3139 599 3206 bium
644 3139 1191 3222 homonymarum.
1300 3143 1417 3214 Sic
1473 3143 1645 3208 numi
1703 3142 1986 3228 inscripti
2051 3141 2233 3228 lippo
2295 3138 2610 3219 Amyntae
2678 3140 3172 3206 ΦΙΛΙΙΙΠΟΓ.
3225 3141 3630 3211 ΑΛΕΞΑΝ

408 3241 657 3308 Dorice
686 3243 1442 3310 ΑΠΟΛΛΩΝΙΑΤΑΝ
1480 3267 1619 3309 esse
1662 3265 1795 3310 non
1837 3265 1986 3330 pos·
2054 3245 2294 3310 APOY.
2350 3249 2469 3306 etc.
2513 3279 2520 3286 ·
2589 3238 2816 3326 Neque
2873 3260 3025 3304 vero
3081 3239 3407 3322 coloniae,
3476 3265 3631 3331 quas

410 3351 564 3411 sunt
618 3339 1171 3430 Apolloniatarum
1222 3343 1559 3425 Thraciae,
1632 3343 1741 3432 qui
1762 3347 1984 3438 ‘Iones
2052 3342 2449 3410 Macedones
2493 3362 2607 3428 per
2647 3341 3002 3407 universum
3034 3343 3354 3410 Orientem
3397 3365 3626 3431 magno
3743 3415 3750 3424 .

270 3521 289 3530 ‚
380 3413 618 3528 ²fuae,
688 3467 895 3532 neque
951 3446 1234 3533 inscripti
1288 3446 1504 3512 Iouice
1557 3446 1988 3512 AHOAAR.
2054 3465 2317 3512 numero
2385 3443 2792 3542 fundaveras·
2838 3442 3023 3510 aliam
3069 3445 3158 3512 ἰιι
3222 3447 3427 3512 numia
3500 3447 3629 3515 dia-

408 3549 835 3618 ΝΙΗΤΕΩΝ
878 3569 1019 3620 ωε
1074 3553 1344 3636 possunt
1395 3546 1780 3635 Apolloniae
1820 3546 1987 3628 llly-
2054 3548 2313 3630 lectum,
2372 3556 2806 3634 praeterquam
2860 3567 3283 3631 communem,
3340 3560 3487 3617 sunt
3532 3573 3627 3619 se-
3675 3597 3710 3618 ,ι

406 3649 561 3732 rici,
618 3637 805 3739 cujus
854 3650 1104 3718 incolae
1156 3672 1272 3738 per
1326 3657 1584 3715 matrem
1643 3649 1987 3732 Corcyram
2055 3657 2252 3718 outae.

404 3753 591 3820 fuere
650 3764 920 3841 nepotes
980 3753 1267 3832 Corinthi
1319 3751 1611 3819 Doricae.
1743 3750 1987 3816 Similia

402 3855 651 3924 indicia
682 3889 699 3896 s
714 3855 801 3921 ad
868 3854 1318 3922 discernendos
1387 3864 1485 3921 tot
1520 3853 1986 3920 'Heraclearum
2160 3909 2179 3918 ι
2699 3932 2710 3943 ·
2760 3826 2791 3902 §
2835 3822 2921 3892 Χ·
3087 3911 3092 3914 .

344 3977 641 4030 2numos
698 3955 959 4024 multum
1012 3950 1239 4024 ualent.
1344 3956 1594 4036 Horuin
1653 3978 1780 4046 ope
1831 3956 1983 4024 edo·
2279 3926 2379 3992 D⁰
2399 3925 2619 4008 sm
2662 3928 2967 3992 mmm
3016 3928 3402 3992 asma·

398 4069 557 4128 utu
612 4079 784 4140 snm,
857 4058 1189 4145 quoddam
1243 4080 1574 4125 numornm
1631 4081 1827 4146 genus
1890 4060 1983 4125 in-
2218 4057 2323 4123 De
2364 4057 2486 4124 hac
2529 4060 2645 4124 viri
2689 4059 2932 4145 aliquot
2977 4057 3254 4144 insignes
3313 4057 3621 4136 consultis

344 4241 361 4256 .
394 4162 713 4264 sciptum
762 4159 1075 4246 ΜΕΤΑ,
1132 4160 1281 4229 inde
1337 4183 1375 4228 a
1419 4161 1678 4229 Goltzio
1732 4163 1801 4227 ιιι
1842 4160 1982 4228 Me·
2054 4159 2344 4225 omnibus
2407 4165 2683 4226 veterum
2751 4161 3166 4227 monumentis
3236 4162 3500 4250 copiose
3555 4171 3621 4229 et

318 4279 347 4294 ⁴·
394 4259 659 4353 &pomi
715 4273 969 4330 moneta
1008 4264 1321 4344 habitum,
1376 4286 1516 4331 esse
1559 4263 1987 4330 Mesembriae
2052 4261 2296 4328 erudite
2348 4261 2760 4347 seripserunt,
2835 4272 2985 4349 post
3037 4284 3302 4351 quorum
3355 4276 3620 4332 conatus

392 4367 740 4492 maciac-
841 4349 1059 4451 Hujus
1114 4367 1279 4433 enim
1336 4366 1639 4456 oppidani
1692 4387 1775 4431 ex
1829 4369 1981 4433 ΜΕ·
2056 4361 2336 4430 inutilem
2431 4383 2688 4472 possem
2784 4364 3138 4432 existimare
3232 4352 3622 4454 praesentem

486 4585 1005 4657 ‘'witsant-p
1040 4591 1127 4643 58.

408 4686 627 4756 ,(701-
660 4685 745 4753 Ι.)
837 4677 844 4688 ’
3175 4672 3221 4719 n
