4450 5542
1646 560 2348 636 CAPVTV.
2815 634 2826 651 ,
3213 610 3218 621 -
3468 579 3599 639 xm

390 748 509 797 nos
532 746 734 812 usque
770 720 1227 814 pervenerunt,
1271 690 1403 793 non
1446 722 1643 792 fuisse
1682 696 1960 793 veterum

390 841 731 910 monetam,
807 826 922 894 sed
1001 825 1281 911 ejusdem
1342 827 1587 913 generis
1654 846 1794 921 cum
1857 826 1956 907 iis,

391 953 550 1019 quos
622 924 846 997 nostra
876 954 883 959 ·
908 938 1111 995 aetate
1177 930 1471 995 Germani
1532 910 1957 998 Denkniiimm

390 1052 727 1112 vocamuS,
820 1029 1023 1099 Galli·
1076 1030 1432 1114 Me'dor’lloe,
1466 1041 1482 1057 '
1521 1030 1645 1097 vel'
1707 1034 1958 1113 Jcaom,

391 1137 453 1201 in
503 1134 855 1222 principum
880 1180 898 1215 ,
978 1133 1397 1222 virorumque*
1443 1132 1776 1200 illustrium
1843 1132 1959 1198 ho·

391 1259 611 1306 norem
675 1236 961 1322 signatos
1011 1256 1153 1305 eum
1201 1236 1271 1301 in
1304 1234 1548 1317 'finem,
1621 1245 1690 1302 ut
1740 1256 1962 1302 eorum
2027 1232 2157 1316 ria,
2225 1233 2377 1321 quin
2446 1244 2510 1300 et
2559 1255 2676 1323 per
2730 1233 2912 1323 plura
2963 1252 3410 1321 nonnunquam
3463 1253 3608 1300 sae—

392 1339 599 1407 vultus
639 1346 706 1403 et
758 1337 1029 1425 insignia
1082 1336 1245 1428 facta
1295 1359 1437 1405 sera
1488 1347 1710 1429 posset
1750 1347 1961 1427 poste·

394 1443 541 1510 litas
606 1436 855 1531 intueri
892 1449 956 1507 et
1002 1441 1075 1506 in
1132 1440 1495 1507 memoriam
1558 1456 1857 1508 revocare
1882 1445 1958 1522 ‘.)

395 1544 497 1611 Ex
544 1546 667 1628 maj
676 1541 893 1609 oribus
955 1543 1221 1624 nostriS,
1297 1543 1405 1631 qui
1469 1541 1690 1609 eadem
1759 1540 1964 1610 studia

395 1645 613 1715 sectati
674 1653 851 1727 sunt,
924 1646 1145 1712 unicas
1198 1642 1353 1727 fuit,
1418 1645 1520 1711 cui
1576 1644 1965 1730 παραδοξον

388 1748 562 1815 istud
604 1744 855 1828 adrisit,
919 1746 1035 1814 sed
1089 1748 1199 1835 qui
1237 1756 1303 1815 et
1344 1767 1503 1814 unus
1557 1745 1828 1814 idoneus
1870 1743 1962 1812 fu

397 1850 575 1932 isset,
631 1849 741 1937 qui
784 1846 1135 1936 reperiret,
1185 1849 1309 1923 nisi
1365 1849 1595 1919 Erizzo
1652 1856 1982 1936 aoccupas-

350 1994 357 2011 ·
396 1963 520 2034 set,
574 1952 860 2049 Joannes
910 1937 1309 2034 Harduinus,
1342 1952 1669 2019 miratus·
1690 1952 1977 2039 insuper,¹

399 2074 527 2123 rem
574 2086 591 2092 ·
609 2053 821 2122 adhuc
894 2055 1112 2120 venire
1202 2055 1271 2121 in
1368 2054 1858 2122 controversiam
1880 2049 1907 2089 ¹¹
1924 2054 1965 2134 ).

398 2156 682 2245 Reliquis
736 2156 1028 2225 omnibus
1083 2154 1165 2222 ad
1221 2166 1501 2225 nostram
1551 2176 1751 2244 usque
1803 2161 1966 2220 aeta·

398 2272 554 2343 tem,
644 2259 701 2325 si
768 2258 862 2326 cl.
922 2255 1259 2325 Fallettum
1327 2259 1540 2328 detnas
1602 2260 1691 2325 ἰιι
1722 2277 1964 2347 nupero

399 2384 512 2430 suo
556 2382 757 2451 opere
812 2357 1093 2475 ejusdem
1134 2363 1490 2430 sententiae
1531 2373 1865 2452 patronum
1883 2361 1963 2444 ⁶),

398 2477 523 2532 tam
586 2463 743 2530 mira
802 2462 962 2529 haec
1022 2461 1159 2528 visa
1230 2472 1360 2545 est,
1450 2473 1514 2531 et
1576 2462 1965 2532 incredibilis

400 2566 651 2656 opinio,
706 2574 779 2632 ut
818 2585 957 2630 eam
996 2584 1079 2629 ne
1119 2562 1417 2632 Jobertus
1461 2564 1747 2654 quidem,
1802 2564 1967 2637 Har-

401 2668 607 2751 duini,
682 2667 869 2734 etiam
936 2682 1095 2735 cum*
1141 2666 1209 2733 in
1260 2665 1403 2734 avia
1474 2668 1684 2741 omnia
1748 2668 1968 2752 abiret,

400 2771 531 2840 fere
575 2778 918 2859 perpetuus
963 2766 1207 2835 assecla
1248 2771 1393 2852 {non
1434 2780 1657 2858 posset
1697 2792 1830 2839 non
1873 2793 1968 2839 re·

400 2871 697 2965 probare.
828 2869 1009 2937 Nolo
1090 2873 1655 2942 commemorandis
1726 2885 1970 2944 senten·

402 2979 535 3045 tiae
598 2976 784 3061 hujus
843 2972 1136 3040 absurdis
1199 2976 1719 3095 inconcinnisque
1775 2976 1969 3045 lecto·

410 3072 551 3145 rein
604 3074 856 3156 morari,
932 3094 1118 3162 quam
1170 3080 1386 3183 paucis
1453 3081 1805 3169 expositam
1862 3080 2004 3146 ha-

408 3181 525 3249 bes
578 3172 769 3269 apud
795 3176 1119 3245 Jobertum
1173 3162 1432 3268 ejusque
1489 3202 1813 3249 censorem
1864 3183 1970 3249 Bi·

396 3282 720 3364 nardum,
793 3301 869 3347 ac
917 3289 1239 3369 praeterea
1290 3304 1439 3350 vere
1498 3283 1834 3372 solideque
1875 3303 1969 3351 re·

402 3377 741 3471 summ&

360 3574 371 3585 ·
540 3486 868 3554 “Omissa
924 3484 1114 3572 igitur
1174 3484 1299 3552 hac
1348 3476 1813 3569 controversia,
1869 3490 1971 3574 ju·
2037 3491 2117 3559 iis
2166 3487 2587 3578 insculpsere3
2674 3486 2944 3577 denique
3011 3497 3076 3555 et
3145 3488 3314 3555 aurei
3371 3482 3523 3555 inde
3571 3500 3632 3553 a*

404 3600 563 3659 stam
644 3566 884 3670 tamen,
972 3587 1378 3677 dignamque,
1467 3610 1629 3680 qnae
1700 3590 1972 3658 curatius

405 3702 703 3761 mctctm
724 3736 793 3774 ,
851 3687 1040 3771 video
1155 3692 1624 3809 quaestionem
1683 3692 1974 3783 relinqui,

2027 734 2268 808 ιιιιιιω,
2354 720 2469 803 sed
2546 722 2708 791 alios
2790 724 2856 790 in
2934 730 3186 790 moneta
3257 718 3593 809 putandos,

2025 825 2459 894 excludendos
2520 822 2700 892 alios.

2226 928 2433 996 Verae
2475 937 2762 996 monetae
2809 923 3240 1011 ,characterem
3282 946 3424 992 esse
3467 926 3596 992 exi·

2029 1029 2214 1095 stimo
2238 1077 2257 1111 ,
2344 1031 2399 1097 si
2486 1051 2609 1119 qua
2691 1048 3020 1097 numorum
3094 1025 3314 1094 classis
3377 1048 3595 1116 perpe·

2027 1140 2231 1215 tuum,
2287 1154 2363 1198 ac
2402 1152 2519 1220 per
2560 1131 2772 1220 plures
2818 1151 3048 1213 annos„
3121 1150 3342 1216 regna,
3403 1131 3596 1223 impe·

2030 1333 2172 1401 cula
2223 1345 2581 1423 porrectum
2641 1335 2873 1403 habeat
2934 1344 3248 1414 tenorem,
3314 1333 3369 1399 si
3428 1331 3599 1400 idem

2029 1436 2316 1527 pondus,
2381 1437 2602 1506 saltem
2662 1439 2988 1527 proxime,
3057 1434 3317 1507 eosdem
3382 1445 3596 1523 typos,

2030 1540 2294 1607 eandem
2355 1541 2631 1609 fabricae
2682 1543 3020 1622 rationem,
3083 1539 3208 1609 nisi
3271 1558 3444 1605 eam
3470 1559 3598 1609 mu·

2029 1643 2188 1723 tavit
2241 1644 2389 1711 artis
2455 1614 2601 1712 sive
2623 1644 2953 1732 perfectio
2969 1692 2987 1729 ,
3050 1643 3183 1709 sive
3247 1639 3598 1729 prolapsio,

2029 1747 2086 1813 si
2132 1762 2380 1833 magno
2439 1767 2732 1829 numero,
2820 1768 2895 1812 ac
2965 1764 3155 1832 saepe
3224 1742 3599 1826 incredibili,

2032 1847 2151 1917 fuit
2192 1849 2487 1939 signata,
2552 1849 2644 1916 sic
2714 1859 2784 1916 ut
2840 1838 3277 1915 nonnullarum
3330 1866 3599 1934 proven-

2032 1961 2134 2018 tus
2189 1949 2481 2019 classium
2549 1951 2735 2018 certis
2798 1953 2864 2018 in
2929 1948 3291 2037 reg-ionibus
3352 1949 3602 2038 possint

2034 2052 2270 2121 fodinis
2346 2053 2764 2142 aequiparari,
2849 2055 2908 2123 si
2959 2051 3256 2119 -additum
3326 2049 3600 2140 pondus,

2035 2156 2168 2225 sive
2208 2174 2584 2245 expressum
2629 2156 2799 2225 notis
2814 2206 2833 2240 ,
2903 2165 2971 2225 ut
3033 2157 3101 2223 in
3167 2153 3371 2222 numis
3431 2152 3602 2221 Itali·

2034 2259 2156 2340 cis,
2224 2269 2289 2327 et
2355 2258 2811 2343 consularibus,
2885 2260 3018 2329 sive
3083 2258 3422 2345 scriptura,
3496 2264 3600 2324 ut:

2037 2359 2442 2431 ΟΒΟΛΟΣ.
2490 2361 2977 2432 ACCAPION.
3023 2370 3138 2428 etc.
3228 2358 3406 2425 Haec
3419 2406 3439 2441 ,
3496 2365 3603 2424 aut
3697 2376 3708 2439 j

2035 2463 2257 2531 saltem
2300 2462 2598 2556 pleraque
2640 2468 2697 2533 si
2739 2467 3131 2553 conspirent,
3206 2470 3436 2535 certam
3488 2480 3601 2549 pu·

2036 2577 2103 2635 ta
2138 2575 2476 2669 monetam.
2561 2568 2621 2635 A
2676 2568 2980 2635 Romanis
3037 2576 3111 2633 ut
3165 2563 3413 2647 ordiar,
3468 2566 3605 2649 jam

2036 2660 2302 2759 primum
2388 2671 2559 2736 numi
2635 2670 2811 2740 aenei
2874 2670 2995 2741 sibi
3059 2667 3249 2759 plane
3314 2674 3605 2735 constant

2038 2772 2296 2862 dempto
2368 2771 2680 2861 pondere,
2768 2795 2884 2863 per
2935 2769 3154 2857 vices,
3241 2780 3312 2839 ut
3386 2780 3605 2839 notum

2038 2878 2175 2958 est,
2225 2876 2582 2958 imminuto,
2660 2874 2890 2944 deinde
2941 2885 3006 2943 et
3055 2873 3362 2963 argentei,
3451 2893 3606 2961 quo—

2037 3000 2176 3046 rum
2232 2977 2443 3046 multis
2496 2978 2679 3046 annis
2750 2976 2917 3045 idem
2982 2976 3098 3044 fuit
3150 2975 3409 3056 modus,
3482 2974 3620 3045 nisi,

2041 3079 2218 3169 quod
2284 3103 2425 3148 eum
2480 3080 2738 3148 mutavit
2789 3079 3029 3148 vanitas
3096 3080 3362 3167 primum
3423 3075 3646 3147 Invi·-

2038 3203 2253 3253 rorum
2352 3183 2753 3249 monetalium
2776 3230 2796 3264 ,
2916 3180 3145 3247 deindo
3247 3180 3606 3258 Caesarum,

2040 3285 2183 3373 qui‘
2199 3304 2322 3371 pro
2387 3282 2701 3350 veteribus
2758 3282 2927 3370 typis
2982 3281 3145 3349 avita
3199 3279 3400 3369 gentis
3457 3299 3609 3347 suae

2041 3387 2297 3468 decora,
2372 3394 2477 3453 aut
2536 3384 2805 3452 illustria
2863 3382 3021 3450 belli
3086 3381 3382 3472 domique
3444 3381 3611 3450 facta

2045 3592 2418 3661 Caesaribus
2450 3640 2469 3675 ,
2558 3608 2821 3679 quorum
2896 3588 3006 3657 diu
3078 3588 3322 3694 duravit
3386 3611 3614 3680 aequa

2043 3688 2190 3763 bilis
2288 3695 2449 3763 ratio
2521 3693 2977 3761 imminutione
3069 3696 3323 3762 nonnisi
3421 3693 3611 3761 lenta.

407 3796 617 3864 sinme
678 3792 1089 3883 superstites
1118 3814 1337 3862 omnes
1375 3797 1573 3873 numi
1624 3804 1867 3865 veteres
1908 3796 1977 3863 in
2045 3797 2332 3867 Subinde
2390 3798 2560 3867 aurei
2605 3796 3021 3886 argenteique
3084 3798 3255 3865 numi
3305 3796 3448 3883 lege
3500 3796 3611 3862 mi·

408 3907 702 3967 monetae
781 3894 935 3962 loco
1018 3893 1349 3984 putandi?
1407 3898 1508 3965 sin
1582 3899 1817 3979 minus,
1908 3899 1976 3967 in
2043 3921 2116 3967 re
2166 3916 2491 3989 perversa,
2547 3910 2752 3973 certus
2806 3898 3026 3965 iterum
3086 3897 3250 3965 ordo
3306 3898 3610 3964 Constan-

412 4020 601 4090 ψη
662 3996 948 4087 singulae
1030 4016 1357 4066 numorum
1441 4000 1676 4069 classes
1763 4001 1977 4068 statio·

2043 4002 2117 4069 tii
2170 4003 2252 4070 11.
2307 4003 2551 4071 circiter
2607 4009 2812 4068 aetate
2860 3998 2977 4066 fuit
3030 4000 3404 4066 constitutus
3417 4047 3437 4081 ,
3504 3997 3614 4087 qui

3707 3410 3730 3453 X

406 4122 556 4171 nan
618 4112 803 4170 erunt
865 4096 1278 4168 tribuendae?
1361 4102 1702 4171 Enimvero
1769 4103 1835 4172 in
1895 4125 1977 4173 eo
2045 4102 2178 4171 fere
2253 4125 2449 4194 usque
2520 4104 2602 4172 ad
2680 4095 3000 4169 orientalis
3063 4100 3308 4189 imperii
3379 4099 3616 4168 exitum
3699 4138 3728 4151 -

314 4204 329 4213 ’
407 4206 533 4273 viri
592 4198 883 4295 plerique
942 4205 1092 4271 artis
1154 4213 1411 4272 nostrae
1490 4204 1761 4274 studiosi
1825 4227 1978 4274 con·

409 4316 801 4391 metm,
836 4327 969 4374 non
1021 4305 1282 4374 eandem
1340 4309 1613 4374 omnium
1678 4330 1819 4376 esse
1871 4329 1978 4389 naf

551 4550 605 4605 c)
647 4542 901 4600 Discorm
931 4564 1086 4615 sopra
1117 4539 1169 4599 le
1201 4542 1450 4611 mcdaglic
1483 4544 1619 4611 degli
1654 4544 1881 4601 Anticht-

412 4628 508 4685 a!
540 4630 625 4685 δι’
657 4627 881 4699 pusioni
908 4629 1092 4697 musei,
1124 4629 1324 4685 dissert·
1358 4628 1445 4684 ΠΙ.
1481 4628 1646 4684 Roma
1684 4633 1833 4689 1783.

1970 4628 2023 4698 s)
2056 4630 2209 4686 Tum.
2245 4631 2281 4684 1.
2319 4649 2372 4700 p.
2406 4630 2493 4685 50.
2526 4624 2612 4683 68.

2048 4206 2339 4275 obtinuit.
2436 4207 2512 4272 In
2575 4206 2962 4273 Graecorum
3027 4202 3230 4270 numis
3285 4198 3438 4275 -non
3501 4203 3613 4270 mi·
3651 4221 3668 4235 ·

2047 4330 2164 4377 nus
2220 4316 2389 4374 certa
2442 4315 2506 4374 et
2556 4304 2867 4375 evidentia
2923 4313 3256 4375 occurrunt
3309 4305 3613 4394 exempla.

2018 4542 2088 4614 d)
2124 4543 2299 4614 Opera
2334 4544 2424 4598 sel.
2458 4564 2514 4614 p.
2550 4541 2675 4600 506.
2703 4520 2818 4623 jacq-
2956 4545 3012 4613 e)
3059 4547 3323 4604 laundun.
3355 4524 3466 4598 allo⁴
3495 4557 3613 4600 stn-
