4450 5542
1499 460 2072 647 CAPV'T
2118 546 2370 625 XXIV.
2442 500 2529 609 »ζ
3030 508 3171 615 ..²
3248 495 3632 659 cmxxiii

372 713 624 820 areolae
683 715 1000 823 rotundae
1065 682 1300 787 numos
1346 725 1730 807 recepturae.
1818 715 1950 785 Ha
2019 666 2307 787 tineatur.
2377 706 2555 795 Non
2595 737 2863 807 possum
2908 716 3201 807 equidem
3241 717 3408 791 banc
3436 715 3597 787 diffi-

301 814 324 828 ‘
365 840 503 891 rum
550 820 729 889 varia
782 829 908 888 eet
935 840 1058 907 pro
1112 821 1443 889 ιιιιιιιοιιιιιι
1485 802 1806 916 volumine
1848 836 1949 887 ea-
2020 819 2311 897 cultatem
2384 818 2644 889 inficiari
2660 868 2681 903 ,
2754 841 2913 909 quae
2980 820 3244 888 instituti
3314 820 3437 888 niei
3498 840 3596 917 ra·
3718 824 3739 857 ‘

365 922 630 1012 pacitm.
728 921 1096 1012 Ampliora
1124 923 1322 1041 exigit
1379 923 1663 1015 hospitia
1728 921 1949 990 elusis
2016 918 2258 990 tionem
2313 923 2674 998 necessario
2730 924 3193 1021 consequitur.
3236 921 3391 991 Sed
3458 914 3637 993 eam·

357 1024 508 1109 illa,
581 1046 744 1115 quae
813 1045 1052 1115 numos
1108 1026 1419 1094 maximae
1479 1023 1744 1093 formae
1765 1045 1947 1091 com·
2015 1002 2300 1114 mitigare
2370 1006 2493 1093 liae
2561 1027 2809 1108 ratione
2874 1026 3135 1097 institui.
3243 1025 3594 1114 Prospecto

357 1124 697 1246 plectitur„
726 1136 791 1195 et
832 1128 928 1195 sic
968 1126 1319 1214 ἁναλογως
1359 1115 1787 1201 contractiora
1825 1124 1942 1211 illi,
1991 1139 2200 1201 antea
2264 1148 2607 1211 numos-um
2673 1124 2933 1197 numero
3005 1128 3297 1218 duplicis
3341 1128 3593 1221 generis

360 1230 468 1319 qui
511 1237 662 1299 sunt
701 1227 948 1298 formae
983 1228 1321 1301 1.11.111.
1406 1230 1620 1300 Nemo
1676 1238 1812 1298 ιιοιι
1853 1229 1943 1297 vi·
2010 1231 2227 1320 paravi
2270 1229 2550 1313 tabulas,
2609 1253 2723 1302 seu
2777 1252 3021 1301 asseres
3064 1230 3356 1301 mobiles
3450 1226 3593 1300 Ho-

356 1331 498 1416 dct,
569 1312 740 1398 hanc
806 1332 1160 1405 areolarum
1207 1342 1507 1422 spectata
1572 1328 1942 1425 magnitudi·
2007 1350 2170 1405 rum
2217 1356 2408 1403 unum
2476 1334 2743 1413 divisum
2814 1334 2933 1402 fuit
3002 1336 3071 1402 in
3137 1355 3349 1417 areae,
3424 1355 3588 1424 quae
3663 1371 3667 1375 ·

352 1454 436 1504 ne
508 1428 1016 1519 distributionem
1030 1483 1052 1517 ,
1137 1443 1221 1504 ιιι
1281 1436 1427 1503 huic
1496 1457 1570 1502 se
1653 1435 1940 1504 instituto
2008 1458 2339 1506 numerum
2409 1438 2462 1505 Ι.
2540 1437 2782 1506 formae
2867 1458 3222 1507 mensuram
3286 1436 3589 1528 aliquan-
3617 1470 3635 1479 -

352 1522 580 1624 suapte
666 1534 1142 1621 adcommodat,
1229 1536 1377 1628 quia
1444 1538 1783 1607 voluminis
1827 1537 1934 1627 le·
1997 1546 2133 1611 tum
2194 1538 2539 1632 excedunt,
2622 1550 2816 1630 atque
2885 1563 3003 1631 per
3074 1541 3190 1609 has
3279 1551 3585 1629 perpetua

349 1738 534 1808 Nam
578 1758 719 1808 eum
769 1741 842 1819 ἰιι
896 1740 1026 1813 hoc
1065 1742 1244 1825 nulla
1283 1743 1589 1824 habeatur
1630 1728 1932 1862 magnitu-
2001 1747 2152 1835 quin
2214 1750 2301 1813 et
2340 1768 2566 1815 numos
2621 1746 2877 1815 maximi
2891 1725 3225 1828 moduli,
3286 1746 3343 1813 si
3385 1746 3584 1819 mo¹do

259 1898 288 1909 ..
349 1841 522 1913 dinis
585 1842 783 1935 ratio,
839 1836 968 1912 sed
1026 1844 1150 1937 sibi
1204 1845 1547 1915 succedant
1598 1844 1799 1927 numi,
1865 1853 1934 1918 ut
2000 1870 2117 1918 eos
2172 1847 2426 1927 areolae
2477 1848 2788 1971 capacitas
2851 1848 3133 1930 admisit,
3181 1851 3372 1931 (nam
3434 1838 3627 1919 sunt'

346 1965 460 2013 ecs
509 1966 626 2013 seu
665 1943 1118 2034 geographiae,
1161 1970 1274 2049 seu
1318 1946 1776 2036 chronologiae
1815 1947 1927 2016 lex
1993 1972 2127 2021 non
2184 1953 2403 2040 pauci,
2481 1955 2589 2041 qui
2654 1973 2879 2027 numos
2942 1953 2995 2020 Ι.
3046 1950 3302 2039 formae
3380 1952 3582 2040 magis

333 2047 528 2134 jabet
561 2047 942 2130 succedere,
991 2071 1252 2124 necesse
1295 2061 1422 2133 est,
1481 2051 1758 2151 areolas
1783 2052 1925 2135 ejus
1968 2054 2305 2136 crassitie,
2383 2077 2569 2145 quam
2607 2054 2940 2125 volumine
3003 2034 3374 2133 excedunt).
3460 2046 3625 2130 A1·j
3670 2116 3687 2135 ,

342 2170 524 2218 esse-
505 2148 934 2239 capacitatis,
994 2150 1156 2239 qu‘ae
1207 2154 1433 2243 seriem
1488 2161 1779 2243 coeptam
1829 2153 1923 2218 in·
1989 2156 2190 2255 terum
2248 2156 2516 2226 divisum
2573 2155 2690 2225 fuit
2736 2157 2803 2239 in
2854 2155 3103 2251 areolas
3148 2158 3595 2251 angustiores,⁸
3630 2166 3637 2171 ’

339 2252 648 2367 tes-rumpi
701 2272 835 2333 non
885 2253 1172 2359 patiatur.
1255 2256 1372 2331 At
1395 2254 1564 2327 enim
1617 2256 1747 2341 hoc
1788 2275 1921 2322 mo·
1993 2254 2152 2347 quae
2223 2274 2451 2328 numos
2504 2260 2615 2330 111.
2678 2254 2952 2345 formae,
3030 2270 3095 2329 et
3162 2282 3575 2353 quoscunque

341 2348 476 2437 dc,
527 2352 807 2443 inquies,
873 2352 1136 2429 necesse
1187 2357 1364 2439 erit,·
1391 2358 1641 2428 areolas
1703 2364 1926 2459 omnes
1990 2362 2109 2430 his
2135 2363 2428 2431 minores
2482 2363 2858 2451 reciperent.
2959 2363 3088 2447 Qui
3146 2366 3317 2432 numi
3380 2365 3578 2441 maxi-

337 2455 708 2555 pet-amplae
758 2478 903 2526 esse
973 2456 1293 2541 diametri,
1362 2460 1509 2550 quia
1566 2482 1701 2532 non
1776 2448 1922 2537 raro
1991 2487 2130 2533 mae
2170 2465 2413 2537 formae
2459 2467 2716 2552 majoris
2771 2474 2917 2535 sunt
2958 2463 3328 2553 voluminis,
3384 2488 3585 2583 quam

219 2644 226 2653 .
295 2642 300 2652 ι
342 2559 482 2643 flet,
544 2568 622 2627 nt
672 2579 927 2628 numum
982 2560 1094 2628 111,
1138 2560 1243 2630 vel
1282 2562 1393 2629 IV.
1436 2562 1708 2649 formae,
1753 2588 1816 2636 v-
1859 2586 1921 2655 g.
1990 2578 2062 2637 ut
2111 2591 2228 2637 eos
2282 2570 2461 2657 prior
2504 2569 2734 2638 divisio
2779 2592 3076 2641 coercere
3116 2573 3352 2661 possit,
3409 2570 3567 2664 quo'·
3614 2610 3621 2625 -

233 2672 240 2679 ’
341 2656 692 2749 Pergami,
752 2661 860 2733 vel
899 2661 1282 2760 Valentis,
1334 2664 1618 2756 excipiat
1695 2680 1922 2738 numus
1989 2671 2158 2739 niam
2199 2673 2499 2765 perpauci
2546 2664 2702 2749 sunt
2758 2695 3019 2745 numero
3034 2723 3054 2758 ,
3117 2694 3322 2766 neque
3375 2676 3563 2759 etiam

337 2761 758 2854 praegrandis
837 2764 1079 2835 formae
1162 2765 1442 2851 ejusdem
1523 2768 1732 2851 urbis,
1818 2768 1923 2839 vel
1992 2776 2210 2857 omissi
2251 2777 2477 2845 seriem
2530 2777 2927 2866 perturbant,
2984 2777 3172 2846 facile
3225 2788 3410 2848 extra
3465 2801 3573 2850 or·

341 2866 668 2951 Caesaris,
753 2889 831 2936 ac
913 2878 1048 2936 tum
1109 2889 1369 2937 necesse
1433 2868 1676 2955 etiam,
1728 2860 1923 2961 supra
1988 2877 2200 2945 dinem
2291 2879 2361 2946 in
2456 2876 2701 2949 tabulas
2800 2877 3068 2969 aliquot
3126 2870 3657 2971 capacioribus*

197 3028 218 3041 .
337 2968 606 3061 modum
672 2968 1083 3060 multiplicare
1141 2971 1420 3055 scrinia,
1499 2973 1653 3062 quia
1734 2975 1920 3042 etiam
1987 2982 2148 3051 areis
2221 2980 2557 3049 instructas
2608 2993 2898 3071 possunt
2966 2982 3225 3053 differri.
3347 2982 3585 3075 Atq'ue

336 3070 650 3143 minimae
709 3070 958 3140 formae
1019 3073 1258 3141 numuli
1303 3072 1587 3153 eandem
1651 3077 1919 3179 sortien-
1986 3081 2146 3150 haec
2208 3082 2320 3152 lei
2376 3093 2503 3152 tam
2569 3085 2637 3164 in
2690 3087 2854 3153 serie
2906 3090 3237 3156 numerum
3295 3087 3563 3174 urbium,

337 3179 444 3243 tur
463 3190 755 3259 neam,
827 3183 1152 3264 quantam,
1226 3178 1333 3265 qui
1396 3170 1704 3247 maximae
1755 3189 1919 3251 sunt.
1984 3180 2404 3285 populorum,
2488 3207 2791 3283 regum,
2814 3211 3031 3279 quam
3068 3192 3137 3257 in
3213 3212 3318 3274 ea,
3403 3213 3564 3280 quae

271 3288 286 3303 ·
335 3272 441 3343 Ad
491 3272 658 3343 haee
692 3295 826 3345 non
865 3287 1114 3366 potest
1123 3299 1260 3357 non
1303 3277 1628 3357 offendere
1671 3282 1917 3366 oculos,
1984 3290 2415 3377 Augustorum
2485 3309 2715 3381 numos
2788 3293 3258 3383 complectitur,
3346 3293 3583 3363 locum
3594 3306 3611 3311 “

334 3394 478 3447 cum
523 3376 1150 3463 vidsnt‚numu1um
1194 3380 1474 3474 exilem
1511 3378 1730 3472 quales
1773 3396 1918 3455 sunt
1983 3384 2192 3459 habet.
2282 3391 2426 3459 Hac
2499 3382 2747 3461 ratione
2818 3394 2979 3487 olim
3049 3418 3334 3467 museum
3407 3399 3561 3468 Cae-

331 3479 736 3555 minutissimi
816 3482 1171 3575 Tarentini,
1257 3482 1363 3552 vel
1436 3485 1740 3572 Attici,
1739 3509 1922 3579 quos
1983 3488 2253 3565 sarcum
2299 3515 2432 3563 non
2508 3495 2739 3585 modo,
2810 3497 2985 3587 quod
3058 3501 3141 3571 ad
3212 3494 3564 3574 universam

327 3576 604 3672 popter
670 3583 1037 3671 parvitatem
1110 3586 1246 3655 vix
1291 3607 1627 3673 possumus
1701 3589 1914 3681 digins
1982 3597 2148 3681 ejus
2184 3594 2702 3687 dispositionem,
2748 3599 2892 3670 sed
2949 3603 3173 3686 etiam,
3244 3604 3419 3696 quod
3477 3606 3561 3677 ad

329 3690 639 3767 nectare,
697 3706 1010 3783 occupare
1061 3688 1354 3778 spatium,
1412 3693 1609 3783 quod
1632 3695 1912 3767 centenis
1955 3696 2332 3769 tabularum
2416 3713 2782 3792 apparatum
2866 3707 3170 3794 pertinet,
3265 3709 3558 3791 instrui,

329 3785 648 3856 similibus
712 3780 1054 3881 sufficeret,
1122 3792 1458 3864 accedente
1519 3798 1708 3867 etiam
1773 3803 1911 3887 eJus
1978 3821 2186 3891 neque
2260 3807 2397 3892 eJus
2476 3828 2580 3873 me
2643 3804 2894 3874 consilii
2963 3808 3300 3881 multorum
3371 3832 3593 3882 eausa·

319 3888 612 3973 iacturae
645 3890 956 3983 periculo,
999 3892 1056 3961 si
1097 3915 1348 3966 carcere
1391 3907 1517 3969 tam
1559 3899 1714 3969 laxo
1759 3923 1909 3973 con·
1979 3904 2463 3999 commodorum
2503 3908 2808 4013 hactenus
2850 3896 3181 4001 poenituit.

999 4024 1030 4059 X

669 5424 718 5443 ιζ»

575 5454 728 5495 ‘rr-*-
751 5456 818 5485 -·
909 5460 922 5467 *

215 1652 220 1661 '
291 1626 308 1637 ⁶
350 1658 506 1726 gem
546 1637 860 1726 sequitur,
919 1658 982 1706 a
1007 1660 1154 1729 meo
1203 1641 1398 1731 plane
1447 1663 1590 1710 esse
1641 1616 1930 1735 alienam.
2001 1644 2200 1713 serie
2240 1642 2532 1715 distribui
2592 1662 2822 1713 numos
2893 1645 2944 1711 Ι.
3021 1652 3085 1712 et
3158 1643 3690 1737 11.forn3ae,.
3816 1668 3823 1675 ·
