4450 5542
809 499 953 557 ext.
1099 501 1105 510 ·
1186 497 1201 518 2-
1696 441 2450 594 PRoLEeo'MENA
2502 486 3078 564 GENERAHA.

814 648 1093 735 dempto
1127 645 1318 718 unico
1363 627 1644 715 Neronis
1696 648 1765 716 in
1815 643 2037 718 ead'em
2079 650 2386 718 Caesarea
2450 669 2619 732 rum,
2692 650 3022 735 ludorum,
3095 604 3562 739 magistratuum
3623 657 3771 765 etc,
3857 669 4025 744 quae

812 751 1084 839 signato.
1295 777 1307 794 ·
2455 751 2608 819 olim
2668 756 2882 821 omnia
2935 765 3042 823 aut
3101 754 3306 843 plane
3345 749 3521 820 fuere
3576 750 3841 835 omissa,
3913 760 4026 819 aut

742 939 751 956 .
858 923 863 930 ,
981 856 1322 938 humpao.
1384 850 1579 935 Satis
1621 873 1790 919 nunc
1830 852 2039 922 adhuc
2074 852 2384 938 modesta,
2453 856 2711 923 nonnisi
2753 856 3004 924 modice
3044 864 3400 944 usurpata.

813 975 956 1024 rara
1019 952 1227 1036 adhuc
1284 951 1611 1021 titulorum
1675 964 1741 1023 et
1794 956 2156 1028 ambitionis
2211 956 2384 1024 vani·
2587 960 2960 1029 *Literm
3002 955 3248 1044 forma.
3379 957 3692 1036 Quantum
3764 953 3922 1021 haec
3983 977 4030 1020 a

812 1067 973 1141 tate,
1060 1058 1369 1145 inscripto
1435 1046 1690 1146 quidem
1751 1081 1942 1148 saepe
1998 1059 2381 1146 magistratu,
2450 1061 2969 1150 praecedentibus
3029 1054 3318 1143 differat,
3373 1058 3664 1126 dictum
3691 1067 3791 1124 est
3847 1055 4024 1124 alibi.

813 1160 931 1228 sed
995 1182 1336 1252 suppressa
1395 1159 1603 1227 adhuc
1661 1158 2030 1251 plerumque
2089 1164 2226 1300 ejus
2290 1159 2383 1227 di·
2449 1165 2609 1232 Eam
2634 1162 3021 1254 plerumque
3071 1166 3270 1253 magis
3321 1161 3813 1230 monetariorum
3852 1157 4024 1228 rudi·

811 1264 1072 1372 gnitate.
1142 1303 1145 1306 ·
1244 1323 1249 1334 ,
1288 1296 1309 1314 ·
2241 1288 2250 1306 ¹
2448 1274 2582 1350 tas,
2639 1271 2825 1354 quam
2865 1266 3156 1354 publicus
3181 1286 3346 1338 usus
3388 1259 3690 1352 eorrupit.

922 1367 1326 1436 Later-mm
1355 1365 1592 1449 soma.
1672 1359 1849 1433 Fere
1900 1364 2155 1448 eadem,
2220 1386 2384 1454 quae
2619 1369 2896 1440 Fabrica.
3027 1368 3184 1436 Cum
3266 1367 3589 1434 hactenus
3637 1366 4082 1444 Graecorum·

817 1467 1189 1564 observatur
1258 1469 1328 1538 in
1391 1469 1593 1535 numis
1660 1467 1981 1556 epochae
2002 1468 2382 1562 praeceden·
2448 1481 2704 1539 moneta
2756 1470 3195 1538 contractioris
3247 1479 3418 1538 esset
3468 1467 3841 1550 voluminis,
3903 1466 4025 1535 sed

808 1571 916 1638 tis.
1003 1570 1164 1637 Inde
1218 1594 1258 1638 a
1272 1555 1662 1638 Domitiano
1716 1592 1922 1639 rarum
1965 1594 2099 1659 Jam
2140 1573 2225 1639 Σ
2258 1593 2379 1661 pro
2449 1574 2743 1657 crassior,
2788 1595 2957 1642 nunc
2998 1595 3037 1640 e
3079 1591 3391 1642 converso
3431 1573 3661 1644 amissa
3702 1567 4026 1639 soliditate
4087 1571 4116 1590 ⁸

821 1673 890 1755 C,
934 1671 1360 1763 frequentiore
1403 1673 1589 1744 etiam
1631 1665 1678 1738 Ε
1728 1695 1848 1764 pro
1891 1678 1974 1759 E,
2031 1684 2101 1743 ιιι
2144 1673 2381 1744 dictum
2449 1677 2761 1745 excrescit
2823 1676 3139 1747 volumen.
3257 1675 3470 1743 Etiam
3528 1675 3701 1742 numi
3764 1672 4028 1740 maximi

796 1776 1019 1864 ¹capite
1061 1775 1236 1844 VIII.
1280 1780 1315 1858 §
1363 1783 1464 1848 10.
1846 1825 1857 1830 -
2217 1811 2230 1836 ε
2448 1777 2694 1846 moduli
2780 1777 2860 1848 ab
2936 1778 3268 1847 Hadriano
3358 1776 3607 1846 demum
3691 1777 4026 1893 incipiunt,

726 1901 743 1914 ·
984 1880 1259 1966 Fabam.
1372 1879 1703 1947 Crassities
1775 1899 2113 1947 aeneorum
2181 1881 2382 1967 magis
2450 1881 2818 1963 rarissimis,
2869 1883 3020 1972 qui
3081 1882 3301 1974 priora
3359 1880 3485 1948 sibi
3541 1890 3866 1967 tempora
3887 1879 4026 1946 vin·

667 1975 687 2013 ³
803 1985 941 2067 jam
992 1981 1297 2053 attenuari
1347 1981 1597 2073 incipit,
1654 1980 1753 2051 d·e
1805 2004 1934 2072 quo
1986 1981 2184 2052 modo
2237 1981 2387 2052 vide
2455 1983 2688 2053 dicant.
2788 1979 2930 2052 Soli
2982 1983 3401 2072 Alexandrini
3454 1981 3735 2071 Aegypti
3787 1977 4028 2048 metalli

814 2082 1059 2171 plura
1039 2106 1106 2150 ιιι
1147 2085 1394 2172 epocha
1437 2095 1755 2175 sequente.
2247 2141 2259 2156 ,
2305 2103 2312 2112 ’
2452 2087 2835 2155 soliditatem
2891 2090 3255 2182 servavere,
3303 2086 3491 2158 etiam
3544 2095 3684 2151 cum
3735 2083 4027 2151 minimae

760 2251 767 2256 .
940 2189 1175 2256 διιῖω
1225 2194 1537 2273 picturae,
1619 2208 1802 2277 quem
1864 2188 1994 2255 hoc
2061 2187 2213 2254 loco
2274 2186 2418 2254 de·
2451 2189 2710 2257 formae
2777 2209 3004 2258 numos
3092 2188 3363 2256 ferirent.
3523 2183 3771 2255 Mutata
3864 2185 4029 2253 haec

816 2288 1093 2358 scribere
1145 2311 1293 2362 ιιοιι
1335 2292 1583 2375 attinet,
1647 2291 1793 2380 quia
1839 2312 1923 2357 ex
1964 2289 2383 2379 imperatoriis
2450 2291 2727 2360 fabricae
2780 2293 2943 2360 ratio
2997 2300 3484 2359 autonomorum
3527 2289 3714 2356 etiam
3755 2290 4026 2355 aetatem

672 2456 681 2472 ,
815 2394 1019 2460 numis
1086 2403 1303 2482 potest
1376 2393 1677 2480 intelligi,
1768 2414 1905 2459 cum
1991 2394 2102 2460 vix
2172 2391 2385 2479 aliqu‘a
2451 2393 2785 2461 commode
2841 2393 3079 2461 definit.
3215 2394 3325 2461 Sic
3386 2383 3560 2462 numi
3609 2377 4023 2471 Athenarum,

740 2553 745 2562 .
814 2504 1017 2570 esset
1020 2496 1188 2566 urbs
1242 2496 1545 2578 Graeca,
1597 2516 1758 2583 quac
1817 2504 2196 2561 autonomos
2248 2502 2384 2561 tan-
2453 2509 2720 2587 quorum
2777 2516 2884 2562 aes
2925 2496 3173 2566 tenuius
3215 2506 3344 2580 est,
3398 2497 3535 2600 sine
3589 2493 3800 2596 ‘dubio
3832 2493 4024 2581 hujus

815 2607 979 2678 tum,
1040 2606 1107 2665 et
1159 2615 1295 2663 non
1342 2597 1532 2662 etiam
1573 2596 2012 2686 imperatorios
2055 2598 2383 2684 signasset.
2451 2608 2597 2667 sunt
2637 2599 2942 2687 epochae.

814 2695 1079 2788 Alioqui
1122 2700 1275 2767 satis
1327 2707 1603 2780 constat,
1660 2700 1915 2770 artium
1933 2699 2406 2789 perfectionem
2622 2706 2812 2770 &m
2841 2708 3134 2787 picturae.
3223 2698 3422 2780 Quod
3462 2698 3544 2769 de
3585 2700 3714 2766 hec
3752 2697 4021 2767 articulo
4112 2701 4126 2710 ‘

700 2875 710 2890 ,
815 2803 1046 2871 sensim
1084 2803 1154 2870 in
1196 2806 1377 2891 pejus
1420 2800 1673 2890 prolabi
1717 2802 2022 2890 coepisse.
2451 2803 2869 2893 praecedente
2946 2795 3267 2898 dixeram,
3351 2802 3478 2870 huc
3562 2802 3749 2870 etiam
3830 2801 4050 2871 valet(

2449 2905 2672 2974 Potest
2714 2909 2880 2974 enim
2924 2930 3006 2974 ex
3049 2907 3494 2996 imperatoriis,
3552 2910 3728 2994 cujus
3769 2904 4024 3010 generis

1169 3059 1180 3076 .
1325 3008 1736 3078 EPOGHA
1802 3010 1866 3073 V.
2283 2978 2347 3060 -¹
2437 3012 2574 3097 jam
2630 3030 2797 3078 nunc
2841 3011 3232 3078 Graecorum
3287 3009 3460 3077 numi
3499 3007 3786 3096 plerique
3821 3004 4021 3087 fuere,
4091 3011 4096 3016 ’
4163 3075 4170 3086 ,

770 3137 779 3150 ’
882 3185 891 3194 ‚
2395 3121 2520 3179 ut
2578 3133 2797 3180 eorum
2862 3122 3070 3196 aetas*
3140 3113 3233 3180 sic
3299 3121 3366 3178 et
3425 3111 3736 3199 picturae
3767 3108 4023 3192 modus,

1000 3163 1096 3230 Ab
1136 3165 1452 3232 mm
1490 3184 1675 3247 ψ
1714 3165 1800 3228 “d
1839 3162 2190 3228 Galliem
2319 3269 2330 3280 .
2449 3223 2537 3296 et,
2576 3214 2736 3282 haec
2795 3215 3062 3303 primum
3129 3212 3468 3281 mediocris
3527 3212 3759 3295 meriti,
3844 3210 4026 3280 deni-

912 3271 1318 3386 Manum
1428 3299 1570 3383 Jam
1629 3313 1762 3382 fere
1826 3335 1933 3381 aes
1986 3312 2197 3381 solum
2248 3331 2380 3379 rem
2449 3337 2573 3405 que
2642 3318 2711 3384 in
2780 3315 3210 3384 incredibilem
3284 3314 3632 3384 barbariem
3700 3315 4022 3399 desinens,

815 3419 1220 3486 monetariam
1263 3418 1609 3507 occupavit.
1738 3416 2079 3500 Perrexere
2130 3415 2384 3505 quidem
2453 3420 2694 3508 optime
2732 3418 3021 3505 intelligi.
3088 3418 3300 3507 Atque
3340 3417 3410 3484 hi
3429 3418 3792 3516 docebunt,
3833 3440 4024 3506 qnam

814 3517 1004 3587 urbes
1091 3521 1367 3611 aliquae,
1453 3529 1577 3588 ιιι
1608 3518 1997 3602 Alexandria
2082 3518 2402 3608 Aegypti,
2450 3520 2678 3588 misera
2741 3513 3014 3609 denique
3077 3518 3286 3589 fuerit
3319 3537 3446 3611 per
3497 3521 3685 3588 urbes
3744 3522 4022 3590 Graecas

815 3623 1156 3698 Antiochia
1212 3625 1477 3708 Syriae,
1551 3619 1856 3690 Caesarea
1908 3621 2380 3714 Cappadociae,
2449 3623 2730 3713 picturae
2775 3633 2841 3692 et
2884 3623 3243 3712 sculpturae
3286 3621 3605 3706 conditio,
3662 3623 3758 3691 sic
3805 3633 3876 3693 ut
3915 3618 4020 3720 his

815 3727 1054 3795 Tarsus
1107 3726 1368 3796 Ciliciae
1420 3724 1653 3792 malle'o
1690 3723 1983 3792 subdere
2037 3734 2379 3812 argentum,
2449 3727 2807 3816 conspectis
2870 3728 2979 3795 vix
3042 3719 3344 3795 videatur
3385 3724 3722 3809 credibile
3807 3737 4032 3794 earum·

812 3830 930 3898 sed
970 3852 1195 3920 purum
1233 3829 1569 3898 rarissime.
1656 3826 1933 3894 Aureum
1975 3828 2258 3912 unicum,
2317 3840 2386 3898 et
2448 3851 2564 3897 eos
2605 3829 2852 3898 urbium
2893 3851 3039 3897 esse
3082 3828 3406 3911 artefacta,
3427 3834 3710 3926 quarum
3749 3829 4022 3917 insignia

817 3934 1069 4040 quidem
1142 3935 1484 4003 Caesareae
1556 3925 1997 4020 Cappadociae
2068 3952 2208 3999 cum
2281 3954 2381 3999 ca·
2445 3942 2767 4001 anteactae
2821 3933 3044 4000 aetatis
3096 3951 3292 4021 opera
3341 3931 3659 4026 hodieque
3711 3954 3851 4001 cum
3905 3931 4020 4002 ad·
4129 3946 4138 3954 “

812 4031 946 4127 pite
990 4041 1191 4114 Getae
1234 4038 1412 4107 dedit
1452 4034 1849 4103 Vasslantius.
2445 4037 2777 4105 miratione
2828 4046 3205 4126 spectamus.
3273 4035 3569 4102 ·Tametsi
3621 4055 3760 4104 non
3801 4033 4021 4125 dispar

986 4144 1312 4227 Ineenptio.
1443 4139 1816 4229 Nunquam
1869 4135 2135 4206 antehac
2208 4137 2380 4205 numi
2444 4148 2576 4207 tum
2644 4139 2778 4208 fuit
2833 4132 3266 4207 Romanorum
3335 4137 3659 4219 conditio,
3749 4129 4024 4227 quorum
4099 4163 4110 4172 ·

814 4249 1055 4309 veteres
1111 4245 1338 4310 Graeci
1388 4253 1533 4309 tam
1564 4242 1739 4311 fuere
1790 4242 2125 4330 loquaces,
2198 4262 2404 4330 prae-
2444 4242 2616 4310 numi
2673 4243 2840 4310 circa
2896 4242 3172 4310 Gallieni
3230 4251 3499 4309 aetatem
3561 4242 3792 4329 signati
3853 4243 4020 4313 nihil

813 4344 998 4431 cipue
1069 4366 1232 4433 quos
1293 4347 1549 4428 Asiani,
1636 4346 1924 4412 homines
1998 4344 2379 4411 contentiosi
2444 4345 2711 4427 habent,
2758 4366 2887 4434 quo
2932 4366 3003 4411 se
3045 4345 3307 4412 Graecis
3350 4342 3724 4432 praeferant.
3813 4345 4017 4414 Nimi-

812 4455 877 4513 et
922 4455 1240 4515 extremae
1281 4439 1693 4536 arrogantiae,
1739 4459 2153 4537 paraverunt.-
2214 4449 2376 4516 Tur·
2443 4463 2582 4516 rum
2634 4447 2860 4517 Graeci
2918 4469 2958 4513 a
3009 4445 3313 4513 Romanis
3370 4446 3596 4530 attriti,
3681 4446 3756 4515 hi
3806 4447 4018 4516 molli

808 4558 918 4642 get
979 4548 1137 4630 haec
1200 4554 1520 4622 mentione
1582 4552 1937 4632 titulorum,
2018 4550 2376 4667 privilegio·
2443 4552 2561 4635 tie,
2649 4567 2725 4620 ac
2796 4549 3159 4618 domesticis
3225 4537 3678 4629 seditionibus,
3739 4552 4022 4642 utrique
