4450 5542
1590 451 1611 464 ²
1724 455 2504 580 PnoLseoMsNA
2487 481 3119 598 GENERALlA.
3205 559 3212 568 .

796 670 983 742 ,bere
1024 663 1383 756 hospitium.
1444 666 1520 732 In
1563 589 1871 753 argenteis
1915 668 2084 736 fraus
2126 666 2396 754 vulgata,
2465 670 2673 736 anima
2713 637 3013 757 plumbea
3052 691 3133 736 ex
3177 667 3463 735 Schulzii
3505 619 3864 735 testimonio
3909 689 4038 735 me·

830 780 899 837 ut
951 770 1243 837 diximus.
1380 771 1527 849 Quo
1585 778 1871 859 tempore
1923 781 2213 838 monetae
2265 769 2438 837 Ro-
2463 781 2668 842 morat
2709 773 3158 841 Neumannus‘
3167 781 3215 848 ).

762 867 771 896 ’“
830 876 1050 939 manae
1105 881 1432 961 argentum
1476 882 1582 941 aut
1634 874 1883 960 egregie
1936 876 2208 964 probum
2261 874 2397 955 fuit,
2644 876 2962 966 Creditum
3002 874 3349 964 plerisque,
3405 881 3476 939 ut
3531 870 3688 944 dolo
3732 872 3880 938 huic
3923 872 4037 940 ob-

831 986 937 1043 aut
1002 973 1269 1040 modice
1355 975 1787 1066 depravatum,
1874 978 1932 1043 ei
2021 1000 2059 1043 a
2126 977 2399 1044 falsariis
2464 980 2629 1045 viam
2685 981 2910 1062 iretur,
2999 987 3206 1045 stante
3267 995 3398 1065 rep.
3454 985 3746 1063 repertos
3811 995 4038 1042 numos
4107 980 4117 986 ’

832 1086 1095 1145 structas
1140 1078 1405 1146 insidias
1464 1080 1689 1146 mirum
1745 1100 1875 1144 non
1933 1090 2060 1166 est,
2121 1082 2268 1198 quia
2305 1080 2401 1146 ιιι·
2470 1093 2764 1150 serratos.
2853 1080 2985 1149 Sed
3029 1080 3206 1199 quod
3243 1079 3449 1146 minus
3494 1077 3677 1144 ιιιιιιι.
3690 1077 3891 1146 videti
3931 1095 4038 1145 ve·

831 1190 1000 1246 serto
1055 1179 1215 1246 clam
1270 1203 1413 1254 aere
1460 1185 1700 1266 justum
1755 1183 1964 1300 potuit
2016 1184 2258 1272 sperari
2307 1181 2399 1247 lu·
2471 1185 2757 1267 risimile,
2810 1183 3103 1272 probabo
3159 1185 3227 1249 in
3270 1181 3748 1274 Prolegomenis
3804 1159 3886 1250 ad
3929 1203 4042 1248 nu-

832 1304 1021 1348 crum.
1088 1285 1177 1347 At
1203 1283 1373 1349 istud
1405 1284 1695 1373 profecto
1730 1287 1974 1367 mirum,
2014 1286 2183 1356 idem
2214 1287 2403 1352 etiam
2470 1310 2614 1355 mos
2649 1285 3051 1354 Familiarmn
3096 1287 3299 1386 capite
3361 1284 3540 1352 XVI.
3585 1282 3763 1352 Istud
3809 1294 4043 1352 cermm

832 1387 1048 1454 vitium
1104 1384 1387 1452 oblatum
1450 1390 1653 1478 numis
1718 1387 2094 1458 declinantis
2158 1389 2406 1477 imperii
2472 1412 2676 1479 neque
2729 1391 2876 1470 huic
2930 1392 3152 1476 generi
3195 1373 3280 1456 ab
3336 1388 3791 1475 impostoribus
3843 1388 4043 1476 parci·

832 1498 961 1555 tam
1016 1487 1182 1554 male
1234 1492 1576 1579 argenteis,
1640 1475 1710 1558 ut
1774 1493 1841 1558 in
1893 1494 1972 1560 iis
2030 1495 2149 1561 vix
2192 1491 2403 1580 aliqua
2469 1501 2616 1560 tum.
2723 1491 3041 1560 Creditum
3091 1492 3310 1574 etiam,
3366 1512 3573 1579 neque
3628 1491 3895 1577 injuria,
3947 1491 4042 1555 ιιι-

822 525 1001 579 cxvl
1084 481 1089 488 ι

714 1609 719 1618 ·
833 1612 982 1709 pars
1038 1590 1277 1658 nobilis
1330 1594 1567 1662 metalli
1620 1597 1869 1662 inesset.
1986 1595 2203 1677 Quod
2236 1597 2406 1663 enim
2469 1596 2703 1664 feriore
2762 1618 2921 1664 aevo
2985 1618 3210 1662 aureos
3276 1614 3411 1659 non
3474 1614 3578 1676 ea,
3668 1614 3792 1681 qua
3864 1591 4040 1694 olim,

835 1695 914 1761 iis
958 1696 1433 1814 corrumpendis
1474 1697 1780 1780 molestae
1823 1721 2055 1788 operae
2098 1698 2404 1789 predum?
2475 1698 2783 1788 crassitie,
2830 1698 2946 1765 sed
2987 1699 3186 1765 multo
3229 1697 3556 1764 tenuiores
3591 1694 3789 1763 fuisse
3831 1717 4044 1776 cume,

837 1798 1035 1886 Atqui
1077 1808 1140 1864 et
1181 1800 1276 1865 sic
1332 1800 1701 1868 subaeratos
1749 1801 2026 1870 Gallieni
2080 1813 2142 1869 et
2185 1803 2407 1869 Postu·
2470 1812 2544 1874 nt
2580 1804 2690 1885 iis,
2736 1802 2843 1886 qni
2886 1789 3286 1870 substernere
3329 1799 3514 1866 viliu's
3558 1796 3874 1866 metallum
3915 1797 4048 1865 vel-

836 1903 931 1966 mi
966 1910 1298 1989 argenteos
1341 1914 1604 1978 testatur
1643 1901 2026 1973 Bimardus·
2038 1916 2086 1984 ).
2175 1906 2264 1972 At
2314 1907 2407 1972 in·
2474 1905 2637 1986 lent,
2696 1899 2883 1971 labor
2939 1913 3107 1971 esset
3159 1902 3512 1985 difficilior,
3567 1922 3982 1990 quamquam
3981 1910 4048 1967 et
4159 1965 4178 1992 ,μ
4253 1901 4270 1908 “

839 2004 1142 2073 credibile
1194 2005 1396 2073 videri
1446 2018 1697 2097 posset,
1772 2010 1973 2075 etiam
2018 2011 2088 2075 in
2157 2018 2410 2078 moneta
2475 2010 2543 2076 in
2595 2008 2725 2092 his,
2777 2017 2848 2074 ut
2901 2006 3205 2097 diximus,
3262 2029 3319 2073 a
3357 2003 3646 2073 manibus
3702 2003 3902 2073 avidis
3953 2003 4047 2070 fa-

841 2129 1037 2176 aenea
1082 2111 1420 2176 exercitam
1475 2111 1640 2178 hanc
1672 2111 1971 2180 fraudem
1987 2163 2005 2196 ,
2094 2114 2218 2180 nisi
2269 2133 2411 2179 eam
2479 2120 2645 2178 ctum
2686 2109 3048 2199 periculum.

839 2221 1210 2281 testarentur
1284 2214 1605 2303 exempla,
1690 2236 1831 2282 rara
1898 2216 2204 2304 quidem,
2296 2213 2411 2281 sed
2521 2279 2524 2280 γ
2649 2214 2724 2279 In
2767 2235 2988 2279 eorum
3031 2231 3324 2312 numero,
3383 2211 3493 2299 qui
3536 2173 3762 2277 numos
3805 2219 4051 2278 veteres

828 2324 1014 2397 certa
1052 2326 1259 2384 tamen
1302 2339 1640 2385 aeneorum
1683 2320 2208 2407 pelliculatorum,
2256 2339 2416 2407 quor.
2479 2317 2854 2404 conquirere
2914 2323 3151 2398 amant,
3227 2322 3404 2396 sunt,
3471 2312 3843 2402 fuemntque
3913 2335 4054 2381 non

840 2438 979 2486 rum
1020 2417 1232 2505 aliqua
1275 2423 1575 2486 continuo
1622 2421 1928 2488 dabimus.

848 2509 853 2522 ¹
1013 2519 1247 2590 Anima
1280 2522 1350 2588 in
1392 2522 1771 2610 pelliculatis
1808 2524 1911 2589 his
1956 2524 2159 2593 numis
2205 2543 2285 2588 ex
2306 2543 2412 2588 va-

842 2622 941 2687 rio
984 2632 1082 2689 est
1122 2623 1411 2703 metallo,
1469 2645 1751 2713 semper,
1795 2634 1864 2691 ut
1904 2645 2091 2693 causa
2132 2623 2412 2713 postula·

766 2775 769 2778 ,
844 2724 981 2807 bat,
1038 2726 1454 2812 ignobiliore,
1524 2748 1709 2815 quam
1762 2748 1842 2794 ex
1896 2751 2022 2816 quo
2081 2739 2178 2795 est
2232 2727 2413 2817 pelli·

847 2827 1004 2916 cula.
1091 2831 1190 2896 Ea
1244 2852 1326 2896 ex
1382 2839 1525 2898 'aere
1580 2831 1820 2919 Cyprio
1872 2831 2244 2920 plerumque
2295 2840 2412 2911 est,

845 2911 1014 2999 unde
1064 2931 1166 2999 his
1217 2936 1421 3000 munis
1480 2934 1747 3001 inditum
1800 2938 2249 3002 subaeratorum
2298 2955 2412 3000 no·

845 3056 1007 3103 men.
1060 3036 1421 3153 Singulare
1434 3048 1555 3120 est,
1599 3035 1774 3125 quod
1818 3047 2076 3119 testetur
2096 3037 2412 3102 Neuman·

844 3159 964 3206 nus
984 3147 1071 3222 ⁸),
1122 3139 1325 3206 visum
1378 3139 1525 3206 sibi
1546 3160 1798 3206 aureum
1844 3140 2154 3208 Hadriani
2197 3139 2412 3206 subar-

754 3321 767 3328 ⁶
843 3251 1180 3361 gentatum,
1227 3264 1355 3309 seu
1360 3264 1499 3309 oum
1524 3244 1739 3309 anima
1763 3254 2074 3330 argentea,
2122 3244 2413 3310 similem·

849 3364 972 3436 que
1024 3347 1224 3412 serius
1278 3345 1454 3412 dedit
1494 3346 1797 3412 Taninius
1818 3354 1895 3423 ι’3.
1982 3347 2059 3411 In
2102 3348 2414 3434 argenteis

849 3457 1231 3542 compertam
1284 3448 1469 3514 etiam
1525 3448 1789 3514 animam
1840 3447 2133 3532 ferream,
2187 3470 2416 3537 nempe

851 3569 1037 3636 quam
1092 3555 1369 3636 'magnes
1458 3556 1836 3632 atu-axerat',
1923 3563 2141 3619 narrat
2215 3552 2414 3619 Froe-

848 3649 1077 3719 licbius
1097 3661 1170 3730 ⁴¹).
1243 3717 1247 3722 ,
1303 3653 1662 3719 Aeneorum
1738 3654 1942 3719 anima
1991 3665 2123 3740 ‚aut
2183 3653 2416 3720 serrum

846 3765 963 3837 est,
1007 3765 1112 3822 aut
1151 3755 1495 3847 plumbum.
1580 3758 1709 3824 Est
1734 3756 1805 3820 in
1822 3751 1827 3758 ’
1846 3778 2065 3823 museo
2099 3758 2418 3824 Caesareo

2473 3443 2611 3513 'nisi
2685 3451 2891 3513 certae
2965 3445 3114 3512 fidei
3178 3456 3421 3514 veteres
3440 3495 3460 3529 ,

2477 2420 2697 2508 pauci,
2775 2421 2886 2505 qui
2940 2418 3305 2506 subaeratae
3363 2416 3510 2481 huic
3565 2418 3756 2483 merci
3811 2415 4054 2484 emelio-

2481 2522 2642 2603 sius,
2710 2527 2894 2608 quam
2948 2530 3248 2587 monetae
3299 2539 3490 2586 sanae
3540 2521 3905 2610 probaeque
3951 2521 4054 2586 in·
4123 2511 4144 2520 “

2480 2625 2749 2690 hiarunt.
2773 2649 2790 2662 ·
2836 2624 2991 2709 Ejus
3046 2622 3174 2689 illis
3232 2622 3592 2710 cupiditatis
3633 2646 3823 2690 causa
3862 2625 4056 2692 unica

2481 2727 2628 2810 fuit,
2685 2713 2857 2815 quia,
2920 2747 3059 2792 cum
3109 2747 3475 2814 persuasum
3518 2725 3641 2792 sibi
3684 2736 3884 2811 esset,
3939 2750 4054 2795 ve·

2481 2840 2676 2897 terem
2729 2829 2821 2896 sic
2876 2828 3271 2922 adulterandi
3322 2838 3516 2894 artem
3571 2850 3717 2896 esse
3739 2828 4052 2918 ‘deperdi-

2480 2943 2652 3014 tam,
2706 2952 2963 2998 securos
3031 2923 3204 3006 sese'
3237 2932 3303 2997 in
3370 2931 3808 3019 comparandis
3863 2933 4056 3019 hujus
4185 2945 4196 2954 ⁴

2481 3045 2737 3102 naturae
2790 3036 2993 3101 numia
3048 3056 3089 3099 a
3140 3043 3391 3100 recente
3429 3036 3843 3122 impostorum
3885 3036 4054 3156 stau·

2484 3138 2565 3206 de
2610 3137 3024 3232 crediderunt.
3113 3137 3267 3206 Non
3323 3146 3757 3226 repugnavero
3812 3139 4026 3206 hisvi
3956 3162 4050 3206 vi-

2480 3216 2601 3324 ris,
2653 3243 2759 3308 sin
2809 3238 2881 3305 id
2935 3262 3126 3306 unum
3168 3240 3440 3308 maxime
3465 3240 3611 3307 illis
3647 3239 3771 3310 ιἰιιι
3810 3263 4054 3331 propo·

2483 3346 2665 3411 situm
2683 3394 2703 3427 ,
2774 3345 2905 3410 non
2971 3342 3201 3410 inferre
3262 3341 3561 3422 thesauro
3625 3365 3744 3411 suo
3799 3367 4052 3429 numos,

3548 3448 3792 3516 tametsi
3866 3469 4057 3535 agere

2482 3551 2652 3640 ipse,
2686 3570 3064 3644 sponsorem
3129 3570 3379 3639 semper
3442 3549 3674 3632 nolim,
3737 3543 4054 3619 nummum

2483 3653 2753 3741 aliquem
2822 3675 2963 3719 esse
3025 3662 3298 3720 veterem
3313 3701 3336 3731 ,
3423 3654 3573 3739 quia
3634 3654 4050 3724 subnotatum,

2482 3758 2732 3825 Etenim
2784 3765 3095 3822 recentem
3148 3756 3429 3824 fraudem
3447 3756 3549 3822 uin
3592 3767 4049 3846 noan-wqao·

850 3857 1216 3927 Caracallae
1293 3881 1522 3929 aeneus
1584 3863 1635 3929 Ι.
1699 3860 1971 3943 formae,
2060 3870 2123 3927 et
2196 3862 2410 3948 operis
2479 3881 2600 3948 que
2642 3859 2860 3926 aetatis
2903 3869 3159 3930 mone-ta
3183 3859 3394 3926 simile
3423 3859 3652 3927 fecisse
3678 3862 4050 3949 periculum..

846 3961 1295 4051 perelegantis,
1381 3967 1537 4054 qui·
1560 3965 1786 4032 ferrum
1857 3966 2024 4030 intus
2098 3963 2408 4030 recondit.
2476 3969 2774 4030 testatur*
2823 3961 3219 4029 Froeliohius
3313 3964 3669 4052 conspectis
3756 3976 4049 4036 monetae

848 4065 996 4133 Alia
1047 4071 1287 4136 animae
1341 4067 1580 4136 ferreae
1634 4067 1922 4158 exempla
1985 4068 2203 4134 recitat
2255 4068 2408 4134 Rin-
2480 4067 2761 4134 Gallicae
2793 4066 3017 4132 nuruis
3059 4065 3250 4154 plane
3303 4066 3538 4134 affabre
3581 4067 3928 4138 subuersas
3948 4077 4046 4154 Ψ),

852 4168 1139 4254 ckius‘),
1200 4181 1264 4239 et
1317 4171 1815 4252 Froelichius').

979 4501 1050 4571 n)
1082 4503 1283 4569 Iohert.
1319 4504 1385 4559 Τ.
1420 4475 1460 4564 1}
1497 4528 1551 4578 p.
1586 4506 1669 4564 60.

838 4586 901 4660 q)
933 4588 1019 4641 lv.
1057 4587 1208 4653 Tent.
1243 4610 1354 4661 pac.
1390 4585 1511 4647 36¹1·
1714 4591 1764 4660 r)
1801 4594 1839 4647 l.
1874 4614 1915 4648 c.
1950 4615 2003 4664 p.
2038 4593 2121 4654 67.

1972 4509 2033 4579 ο)
2068 4511 2224 4565 Numi
2264 4529 2388 4662 pop).
2425 4509 2485 4565 P.
2523 4511 2582 4563 Π.
2617 4531 2670 4582 p.
2703 4513 2821 4572 199.

2326 4617 2350 4652 ⁸
2416 4597 2534 4655 l.·'c.

1942 4172 2232 4240 Aeaeum
2267 4177 2410 4238 ciun
2477 4161 2543 4238 et
2586 4171 2680 4238 cl.
2701 4170 3110 4238 Neuman‘nus
3153 4172 3257 4238 ex’
3278 4191 3497 4240 museo
3523 4171 3853 4240 Caesareo
3895 4175 4048 4244 sub·

3125 4509 3194 4580 p)
3229 4477 3496 4582 supplem.
3535 4513 3598 4567 ad
3635 4473 3890 4584 de··p.
3923 4512 4051 4568 326.

2737 4595 2787 4665 ι)
2825 4597 2860 4653 Ι.
2894 4616 2939 4651 c.
3145 4594 3206 4661 v)
3237 4598 3322 4651 lv,
3357 4596 3510 4653 Tem«
3542 4618 3597 4667 p·
3627 4595 3749 4652 368.
