4450 5542
1624 519 1641 528 -
1708 431 2461 572 PROLEGOMENA
2528 439 3104 596 cml-:naua
3185 477 3200 486 ’

807 655 1027 728 merita
1084 652 1154 720 in
1219 641 1516 737 typoru‘m
1587 659 2011 736 argumentum
2076 650 2426 738 legerents
2448 647 2698 732 herini,
2743 660 2930 741 atque
2969 652 3117 734 etsi,
3163 629 3324 739 quae
3362 649 3698 720 multorum
3742 661 3846 720 est
3881 649 4022 742 opi-

809 776 992 845 quam
1063 775 1186 822 nos
1249 752 1565 820 materiam
1627 752 1695 818 in
1758 753 2224 841 prolegomenis
2297 751 2382 820 ad
2437 753 2592 835 nic,
2663 756 2801 837 ejus
2867 762 3054 842 caput
3114 729 3496 842 frequenter
3535 765 3926 871 compareat
3950 757 4021 822 in

807 880 1033 926 numos
1136 853 1503 922 familiarum
1609 853 1861 942 prolixe
1959 854 2380 923 tractabimus.
2443 853 2653 922 numia
2724 855 2958 935 aureis,
3046 855 3460 954 aeneisque,
3506 864 3714 926 tamen
3783 857 3852 922 in
3919 857 4020 923 his
4095 931 4112 936 ,

776 960 1018 1027 ·Ρι·ἰιιιο
1054 956 1306 1026 Caesari
1352 954 1644 1023 dictatori
1686 978 2037 1045 supremum
2081 954 2300 1023 istud·
2272 978 2381 1043 Jus
2448 977 2583 1024 non
2620 966 2748 1028 tam
2789 965 2976 1045 caput
3018 966 3117 1024 est
3154 957 3400 1039 Liviae,
3460 980 3644 1046 quam
3687 957 4018 1040 PIETAS,
4115 1001 4128 1012 ·

806 1064 1141 1149 honosque
1197 1068 1449 1126 senatus
1505 1060 1798 1132 consulto
1871 1060 2245 1148 permissus,
2311 1068 2384 1125 ut
2450 1039 2761 1144 SALVS,
2847 1059 3235 1127 IVSTITIA
3299 1059 3477 1145 (nam
3539 1059 3700 1127 haec
3767 1062 4024 1130 nomina

808 1162 1175 1231 docebimus
1237 1161 1306 1238 in
1372 1162 1507 1245 ejus
1575 1162 1795 1227 numis.
1924 1160 2121 1228 Edito
2188 1158 2386 1228 semel
2450 1158 2666 1228 addita
2739 1161 3080 1247 leguntur)
3138 1161 3353 1237 Liviae
3432 1163 3697 1252 imagine
3767 1186 4022 1254 expres-

808 1265 1102 1354 exemplo
1157 1283 1291 1329 non
1349 1260 1691 1328 adhaesere
1745 1262 2007 1345 leiri,
2046 1263 2155 1352 qui
2195 1263 2384 1330 caesd
2452 1285 2593 1344 sae,
2653 1279 2733 1329 ex
2799 1284 2924 1364 qua
2987 1264 3127 1351 ipsa
3170 1264 3566 1334 verecundia
3626 1267 3777 1336 satis
3832 1286 4021 1355 appa·
4079 1271 4110 1336 Σ

804 1367 1135 1436 dictatore
1203 1386 1317 1453 per
1399 1385 1648 1431 causam
1726 1363 2198 1457 constituendae
2269 1364 2389 1431 rei·
2454 1373 2581 1448 ret,
2651 1385 2789 1432 eam
2844 1388 2881 1432 a
2921 1376 3211 1434 monetae
3251 1371 3398 1453 jure
3450 1367 3674 1456 procul
3729 1367 4020 1436 habitam.

805 510 1004 564 Lxxn

642 1529 647 1538 ,
729 1548 737 1554 ,
807 1470 1103 1560 publicae
1166 1481 1439 1536 summae
1514 1467 1608 1533 rei
1664 1476 2031 1555 praeerant,
2120 1476 2253 1534 ιιιιιι
2319 1475 2384 1533 et
2449 1412 2747 1538 Mo’rtuae
2789 1451 3050 1551 deinde,
3107 1479 3175 1535 ut
3224 1480 3290 1537 et
3331 1470 3648 1537 Antoniae
3691 1471 3881 1550 Drusi
3925 1493 4022 1538 se·

811 1574 963 1644 Sex.
1010 1572 1347 1658 Pompejus
1414 1590 1531 1636 suo
1601 1568 1876 1656 quodam
1924 1573 2074 1655 jure
2139 1591 2212 1637 ac
2266 1590 2385 1636 no·
2447 1570 2685 1652 nioris,
2759 1579 2824 1637 et
2885 1570 3272 1660 Agrippinae
3343 1572 3582 1639 seniori
3641 1595 3679 1639 a
3742 1572 4026 1661 Caligula

809 1678 977 1744 mine
1043 1672 1230 1741 ferire
1301 1681 1648 1755 monetam,
1715 1670 1890 1760 quod
1956 1671 2210 1760 quidem
2271 1673 2383 1738 mi·
2451 1680 2517 1737 et
2559 1669 2829 1738 Claudio
2875 1673 3156 1760 signatos
3213 1695 3439 1744 numos
3483 1659 3748 1746 constat.
3839 1675 4024 1744 Clau·

809 1800 927 1871 nus
977 1774 1327 1843 mirandum
1379 1775 1447 1841 in
1497 1773 1859 1841 hominibus
1883 1822 1902 1856 ,
1992 1775 2220 1863 quibus
2287 1775 2383 1842 vis
2454 1769 2544 1841 dii
2584 1783 2650 1841 et
2691 1774 2970 1850 Neronis
3011 1799 3244 1847 uxores
3289 1778 3491 1844 uumis
3546 1788 3786 1860 carent,
3847 1777 4025 1846 dem-

810 1903 885 1949 ac
926 1879 1181 1948 licentia
1244 1899 1363 1967 pro
1430 1876 1674 1963 legibus
1730 1877 1942 1962 fuere,
2011 1900 2153 1946 eum
2214 1851 2384 1945 idem

776 2050 791 2064 ,
809 2005 997 2052 ausus
1039 1981 1225 2048 fuerit
1275 1980 1372 2048 Μ.
1426 1980 1656 2047 Brutus
1711 1980 1996 2048 Caesaris
2050 1975 2382 2069 parricida,

812 2086 919 2174 qui
961 2083 1271 2164 libertatis
1314 2084 1386 2149 P.
1436 2082 1519 2149 R
1558 2082 1798 2152 vindex
1842 2082 2014 2152 credi
2056 2084 2275 2153 voluit.

768 2175 781 2182 ’
908 2187 1269 2274 Augusto
1314 2206 1519 2272 rerum
1561 2185 1769 2274 potito
1813 2197 1988 2254 tanto
2046 2187 2272 2254 certius
2316 2185 2386 2252 in

808 2253 942 2359 rem
991 2275 1398 2357 monetariam
1450 2292 1560 2374 jus
1617 2287 1764 2371 fuit,
1843 2290 1991 2378 quia
2046 2289 2205 2356 illud
2262 2288 2386 2356 sibi

797 2400 933 2481 jani
996 2392 1341 2478 arrogavit,
1407 2412 1546 2457 cum
1609 2394 1864 2459 nonnisi
1928 2392 2119 2460 Illvir
2180 2391 2386 2479 reipu-

813 2496 1017 2564 blicae
1060 2492 1536 2562 constituendae
1562 2504 1785 2564 ,essetf
1848 2492 2136 2562 Eundem
2175 2503 2386 2567 tamen

813 2599 998 2665 etiam
1038 2647 1049 2658 .
1085 2598 1395 2665 honorem
1482 2597 1958 2666 communicavit
2058 2617 2196 2663 cum
2282 2595 2384 2677 iis,

708 2741 717 2748 κ
813 2719 975 2790 quos
1020 2700 1349 2768 tribunicia
1404 2706 1718 2786 potestate
1732 2711 1751 2724 ⁴·
1774 2698 2063 2782 donavit,
2137 2720 2211 2765 ac
2263 2696 2386 2786 pri·

656 2805 683 2824 ²
810 2821 980 2874 mum
1053 2800 1303 2891 quidem
1374 2822 1515 2868 cum
1576 2802 1677 2870 Μ.
1746 2801 2027 2891 Agrippa
2046 2849 2066 2883 ,
2156 2798 2386 2868 deinde

811 2905 1074 2974 Tiberio
1141 2905 1452 2995 privigno.
1566 2903 1827 2972 Habent
1890 2903 2142 2993 quidem
2200 2904 2387 2974 etiam

812 3031 1038 3078 numos
1095 3030 1318 3076 aureos
1392 3015 1849 3096 argenteosque
1900 3006 2087 3096 Caius
2148 3016 2212 3074 et
2265 3006 2386 3074 Lu·

742 3165 753 3182 .
814 3113 946 3179 cius
989 3111 1337 3200 Agrippae.
1367 3110 1513 3193 filii,
1583 3131 1745 3199 quos
1788 3109 2105 3197 Augustus
2154 3110 2224 3176 in
2276 3111 2386 3176 im-

812 3213 975 3304 perii
1030 3237 1208 3304 spem
1265 3214 1564 3283 Caesares
1620 3211 1801 3296 dixit,
1865 3209 1982 3280 sed
2042 3214 2110 3279 in
2136 3245 2143 3252 ·
2169 3203 2388 3280 eorum

813 3319 1018 3386 antica
1059 3340 1307 3405 semper
1364 3326 1461 3384 est
1518 3325 1708 3406 caput
1748 3315 2032 3403 Augusti.
2117 3313 2390 3386 Indulsit

776 3419 1047 3487 deinde
1111 3420 1279 3486 hunc
1340 3420 1658 3504 honorem
1707 3419 1999 3492 Tiberius
2062 3417 2274 3483 Druso
2319 3417 2387 3483 fi·

813 3521 935 3603 lio,
1022 3541 1105 3587 ex
1171 3543 1298 3609 quo
1373 3520 1471 3588 illi
1537 3520 1930 3588 tribuniciam
2015 3527 2390 3607 potestatem

819 3622 1074 3717 detulit,
1141 3623 1291 3690 item
1346 3607 1719 3700 Germanico
1777 3622 2029 3690 Caesari
2102 3644 2221 3689 suo
2276 3637 2390 3708 pet·

734 3807 745 3824 .
814 3714 1240 3844 adoptionem·
1268 3742 1282 3755 ⁸
1311 3724 1479 3807 filio,
1568 3724 1683 3793 sed
1769 3728 1944 3810 cujus
2017 3725 2187 3790 numi
2257 3743 2391 3789 non

816 3841 1068 3901 exstant
1083 3879 1120 3948 ’.
1176 3829 1300 3896 nisi
1354 3827 1550 3898 aenei.
1634 3827 1828 3893 Drusi
1894 3826 2162 3892 senioris
2220 3826 2392 3892 numi

814 3931 884 4004 iu
950 3933 1123 4003 omni
1193 3931 1448 4000 metallo
1522 3929 1780 3998 nonnisi
1848 3926 2115 3996 Claudio
2196 3921 2391 4030 im'pe·

816 4050 995 4107 rante
1037 4037 1263 4127 signati
1306 4045 1469 4104 sunt.
1557 4032 1834 4101 Feminis
1900 4029 2058 4097 vivis
2116 4050 2391 4096 summus

817 4138 923 4206 hic
967 4140 1179 4207 honos
1222 4138 1449 4228 perdiu
1488 4135 1607 4204 fuit
1647 4145 1938 4223 negatus,
1999 4153 2203 4220 neque
2249 4151 2390 4200 eum

816 4239 1080 4308 indulsit
1141 4241 1460 4327 Augustus
1533 4239 1721 4306 uxori
1786 4237 2035 4321 Liviae,
2108 4234 2388 4323 quamvis

818 4344 1020 4432 gratia
1083 4342 1508 4432 praevalidae,
1576 4350 1682 4408 aut
1750 4339 1981 4407 deinde
2052 4338 2217 4406 filius
2282 4339 2390 4406 Ti·

832 4559 839 4564 ’
959 4569 1004 4628 t)
1040 4563 1106 4617 de
1147 4577 1243 4616 vet.
1285 4582 1425 4614 num.
1462 4574 1569 4629 pot.
1616 4580 1667 4629 p.
1712 4562 1795 4612 8³.

2450 1884 2561 1965 pta
2612 1875 2961 1978 Agrippina
3016 1877 3304 1966 juniore,
3379 1901 3539 1968 quae
3600 1887 3824 1948 aureos
3890 1880 4023 1969 qui·

2454 1978 2597 2046 dem
2658 1990 2723 2046 et
2746 1990 3119 2067 argenteos
3191 1982 3414 2065 habet,
3494 1981 3610 2049 sed
3669 1981 4023 2070 conjuncto

2452 2100 2700 2169 semper
2743 2083 2945 2171 capite
2998 2084 3100 2151 vel
3153 2085 3356 2150 mariti
3401 2083 3677 2169 Claudii,
3753 2085 3855 2152 vel
3911 2084 4038 2152 filii

2452 2181 2756 2254 Neronis.
2844 2183 3059 2253 Habet
3100 2196 3310 2254 tamen
3352 2185 3493 2254 sola
3533 2209 3800 2271 aeneos,
3847 2208 4026 2255 sena·

2452 2294 2521 2351 ιιι
2577 2284 2748 2352 haud
2814 2285 3005 2354 dubie
3070 2277 3463 2376 praepotenti
3493 2287 3502 2294 ’
3533 2287 3831 2379 prin‘cipis
3897 2311 4026 2356 ma-

2454 2388 2534 2454 tri
2590 2385 2904 2456 adulante.
3001 2389 3244 2457 Primus
3299 2392 3480 2458 Titus
3541 2383 3734 2460 filiam
3796 2391 4026 2458 Juliam

2453 2490 2520 2556 in
2559 2500 2812 2556 moneta
2864 2489 3069 2558 solam
3095 2494 3390 2588 proponi
3430 2494 3653 2581 Jussit,
3718 2494 4027 2568 Domitia·

2453 2613 2573 2688 nus
2644 2577 2877 2662 deinde
2939 2615 3203 2663 uxorem
3249 2596 3603 2664 Domitiam
3620 2645 3639 2680 ,
3716 2597 4029 2683 Trajanus

2455 2716 2720 2764 uxorem
2805 2693 3117 2770 Plotinam
3142 2748 3160 2783 ,
3250 2721 3536 2767 sororem
3614 2699 4026 2783 Marcianam,

2455 2808 2706 2888 neptem
2770 2799 3137 2919 Matidiam,
3210 2824 3369 2892 quae
3427 2801 3693 2871 subinde
3736 2801 4029 2891 exempla
4161 2835 4170 2838 ·
4269 2877 4276 2886 ,

2453 2902 2704 2982 imitati·
2759 2895 2906 2971 sunt
2989 2904 3304 2996 principes
3369 2926 3787 2972 successores.
3877 2897 4029 2972 Sed

2454 3005 2613 3073 haec
2655 3004 2740 3073 ad
2780 3023 3006 3075 numos
3059 3017 3296 3076 tantum
3349 3008 3447 3075 in·
3477 3008 3634 3078 urbe
3687 3029 4027 3096 percussos

2455 3109 2784 3198 pertinent.
2861 3108 3082 3176 ΙΝιιιιι
3164 3109 3405 3178 Liviam
3499 3109 3705 3177 adhuc
3798 3112 4025 3194 vivam,

2456 3225 2588 3280 tum
2652 3222 2716 3280 et
2764 3211 2996 3280 ,Iuliam
3050 3211 3320 3298 Augusti
3359 3212 3455 3295 F„
3521 3222 3585 3282 et
3638 3213 4030 3300 sequentium
4089 3255 4108 3268 ·

2455 3314 2807 3403 principum
2846 3336 3080 3382 uxores
3124 3316 3358 3402 passim
3414 3317 3657 3401 jactant
3701 3315 3905 3380 ‘numi
3957 3315 4031 3382 in

2457 3417 2798 3505 provinciis
2865 3416 3125 3503 signati,
3187 3449 3204 3460 ι
3228 3416 3400 3505 quod
3478 3418 3544 3499 in
3617 3416 4044 3503 imperantem

2460 3519 2794 3586 Caesarum
2882 3516 3134 3585 domum
3223 3518 3595 3608 obsequium
3657 3519 4032 3607 permissum

2458 3628 2695 3687 tantum
2735 3619 2902 3703 fuit,
2971 3611 3103 3694 n‘on
3175 3631 3412 3706 autem,
3486 3621 3663 3692 nullo
3730 3619 3906 3689 edito
3958 3617 4044 3690 in*

2459 3720 2615 3789 urbe
2667 3722 2993 3809 exemp10‚
3066 3723 3448 3811 imperatum.
3545 3724 3877 3813 Perperam
3928 3744 4030 3790 er·

2457 3833 2543 3911 go
2609 3824 2884 3892 adseruit
2957 3825 3257 3894 Rinckius
3311 3827 3377 3914 ),
3467 3819 3856 3896 Hadrianum
3933 3825 4028 3892 di·

2460 3925 2625 3995 lecto
2716 3949 2835 3995 suo
2921 3929 3218 3996 Antinoo
3325 3933 3621 4017 maJorem
3716 3929 4032 3996 honorem

2459 4039 2775 4118 praestare
2862 4031 3032 4100 haud
3103 4033 3407 4122 potuisse,
3496 4053 3682 4120 quam
3754 4053 3893 4099 cum
3939 4031 4030 4114 ,in

2456 4134 2659 4200 numis
2749 4143 3111 4223 perpetuam
3196 4129 3330 4223 eJus
3420 4133 3713 4204 redderet
3794 4154 4030 4200 memo·

2456 4236 2629 4303 riam.
2697 4223 2893 4303 ‘Non
2966 4247 3215 4308 exstant
3283 4238 3454 4305 numi
3522 4237 3817 4318 Antinoi,
3865 4235 4031 4303 -nisi

2458 4339 2779 4434 commatis
2852 4342 3205 4428 peregrini,
3293 4342 3461 4429 iique
3495 4339 3801 4426 ‚nonnisi
3879 4348 4031 4426 post

2841 4496 3108 4505 —--——-—
