4450 5542
312 1761 325 1768 -
440 1720 620 1806 piam
693 1740 777 1784 ex
844 1705 1079 1784 familia
1142 1717 1518 1805 imperantis.

299 1857 325 1880 x
438 1821 632 1910 plura
686 1823 754 1885 in
812 1821 1017 1886 antica
1068 1831 1402 1887 occurrunt
1458 1822 1696 1908 capita,
1758 1844 1831 1887 ac
1892 1832 2020 1888 tum

1625 461 2137 618 'CA-'Pv'r
2241 527 2492 597 xv111.
2645 481 2652 494 ’
2843 607 2856 612 ,
3102 511 3109 518 ’
3425 599 3475 614 ,,
3568 554 3666 603 cv

442 701 600 758 tant.
688 688 900 776 Magis
956 689 1072 756 illo
1118 710 1277 756 aevo
1316 688 1614 780 placuere
1655 689 1891 774 figurae
1930 687 2021 752 in·

2090 688 2246 775 poni
2306 708 2585 768 cervum,
2656 688 2758 754 vel
2814 710 3059 772 canem,
3132 689 3200 754 in
3253 693 3481 781 ‚vulgus
3547 715 3662 761 no-

440 803 703 878 tegrae,
764 802 873 858 aut·
941 803 1346 881 quaecunque
1413 791 1537 860 alia
1580 791 1765 859 'vita'
1810 813 2037 858 carew·
2084 799 2252 872 tum3
2332 801 2397 857 at
2439 789 2718 858 mirabar
2777 791 2980 874 olim,·
3034 793 3102 857 in
3140 790 3338 862 ¹numo
3385 797 3663 865 Phenea-

438 896 550 961 tia.
654 893 968 988 Exempla
1035 896 1270 983 passim
1328 893 1583 962 'dabunt
1649 883 1848 976 numi,
1917 895 2026 983 qui

440 1017 533 1064 ex
592 998 778 1066 certis
833 995 1081 1065 indiciis
1138 998 1553 1086 antiquissimi
1605 989 1751 1064 sun‘t
1803 1007 2022 1086 putan-

442 1100 537 1170 di.
594 1097 792 1167 -Idem
838 1100 1207 1184 observatur
1248 1102 1316 1165 in
1359 1122 1573 1188 regum
1602 1100 2023 1168 Macedoniae

440 1205 655 1274 numis
692 1199 1153 1270 vetustissimis.
1221 1204 1453 1280 Secuta
1494 1214 1665 1271 aetas
1706 1205 1869 1292 parti
1912 1227 2022 1272 nu-

443 1327 696 1373 morum
762 1306 1003 1374 anticae
1070 1306 1439 1394 plerumque
1506 1319 1691 1396 caput
1764 1306 2024 1396 aliquod

440 1410 677 1476 intulit.
774 1411 895 1475 Est
955 1408 1117 1486 illud
1169 1409 1241 1471 irs
1296 1411 1653 1477 autonomis
1707 1413 1840 1477 sive
1894 1409 2018 1492 dei,

442 1511 718 1593 deaeve,
780 1512 915 1578 sive
956 1511 1154 1598 genii,
1229 1512 1362 1578 sive
1405 1512 1652 1594 herois,
1720 1514 1789 1581 in
1832 1515 2021 1601 regiis
2108 1521 2113 1530 '

440 1616 648 1702 regis,
722 1613 827 1680 vel
883 1615 1164 1700 reginae,
1238 1613 1306 1679 ἰή
1357 1614 1774 1703 imperatoriis
1819 1620 2021 1702 cujus·

1630 1717 1786 1784 Non
1873 1743 2019 1786 raro

442 1947 525 1991 ea
566 1923 669 1990 vel
702 1928 924 2011 jugata
968 1932 1131 2006 sunt,
1175 1923 1278 1989 vel
1322 1947 1392 1990 se
1434 1924 1865 2013 respicientia,-
1899 1926 2021 2004 vel,

438 2039 515 2094 ut
591 2027 656 2093 in
730 2027 1075 2116 aliquibus
1131 2009 1407 2095 Galliae
1461 2028 1764 2124 coloniis,
1848 2028 2023 2096 vultu

378 2155 391 2168 ·
441 2152 691 2200 averso.
808 2135 983 2200 Raro
1067 2131 1131 2195 in
1203 2132 1408 2197 antica
1477 2131 2021 2219 imperatoriorum

440 2256 570 2321 pro
643 2233 851 2321 capite
922 2233 1280 2323 imperantis
1357 2242 1494 2301 tota
1565 2234 1749 2321 hujus
1828 2234 2023 2322 figura

446 2347 827 2424 comparet,-
894 2346 962 2404 ut
1050 2349 1253 2404 statua
1322 2338 1580 2423 Trajani
1665 2338 1732 2403 in
1819 2338 2020 2404 numis

441 2440 735 2528 Tripolis
820 2440 1079 2522 Cariae,
1182 2442 1363 2506 Titus
1466 2449 1529 2507 et
1623 2440 2037 2508 Domitianus·

440 2552 686 2611 stantes
774 2544 842 2606 in
928 2542 1135 2608 numia
1221 2541 1628 2629 Amphipolis
1714 2539 2017 2610 Macedo-

440 2647 622 2728 niae,
684 2643 980 2726 Aurelius
1037 2653 1099 2710 et
1142 2643 1347 2710 Verus
1402 2648 1637 2711 stantes
1692 2645 1760 2712 in
1817 2648 2021 2713 numis

438 2747 769 2817 Anazarbi
834 2747 1111 2814 Ciliciae.
1221 2748 1427 2836 Saepe
1496 2748 1825 2838 liberalior
1887 2773 2020 2816 mo·

442 2854 722 2922 netarius
782 2850 990 2938 ‚capiti
1078 2849 1309 2935 adjecit
1394 2860 1687 2938 pectus,¹
1734 2873 1807 2917 ac
1891 2862 2022 2918 tum

450 2967 721 3039 protom
764 2951 1022 3032 dicitur,
1088 2950 1262 3017 Italis
1306 2955 1502 3036 busto,
1576 2955 1765 3020 nobis
1807 2957 2020 3038 Emt-

454 3059 651 3124 stac-k.

632 3157 707 3223 In
752 3158 956 3224 numis
1006 3151 1362 3224 autonomis
1418 3179 1564 3246 pars
1619 3179 1837 3226 aversa
1887 3157 2019 3246 ple-

446 3279 712 3349 rumque
767 3282 907 3326 cum
965 3260 1177 3326 antica
1229 3262 1644 3347 componitur.
1745 3262 1854 3326 Sic
1915 3260 2021 3342 dii,

446 3363 735 3451 deaeque
780 3385 893 3430 sua
935 3362 1171 3429 babent
1222 3363 1288 3426 in
1335 3363 1568 3430 aversis
1612 3384 1725 3430 seu
1768 3361 2023 3429 attribu-

450 3479 552 3551 ta,
612 3489 727 3534 seu
769 3488 947 3532 sacra
990 3466 1125 3532 sibi
1177 3465 1493 3548 animalia,
1553 3487 1665 3536 seu
1716 3465 2020 3547 victimas,

452 3567 931 3658 seuquidquid
982 3567 1151 3635 aliud
1208 3568 1290 3633 ad
1334 3590 1403 3634 se
1445 3570 1798 3658 pertinens,
1857 3591 1917 3636 v.
1961 3588 2018 3655 g.

455 3693 601 3740 oum
651 3673 813 3738 Jove
853 3671 1135 3758 Jungitur
1196 3670 1461 3755 fulmen,
1527 3695 1666 3760 cum
1714 3670 2023 3761 Apolline

450 3776 625 3859 lyra,
697 3775 930 3861 tripus,
995 3773 1171 3840 lauri*
1208 3796 1485 3857 ramuS„
1526 3795 1665 3840 cum
1718 3773 2021 3861 Neptuno

452 3876 731 3959 tridens,
766 3877 937 3942 ⁴item
990 3867 1129 3942 cum
1180 3876 1345 3943 Jove
1402 3877 1641 3964 aquila,
1704 3897 1844 3943 cum
1888 3874 2026 3941 Pal-

454 3977 606 4062 lade
654 3987 919 4061 noctua,
971 4000 1111 4046 cum
1153 3979 1404 4046 Junone
1447 4002 1643 4069 pavo,
1696 3978 1844 4044 item
1888 3999 2027 4045 cum

456 4083 691 4156 Cerere
774 4103 1009 4172 porcus
1067 4085 1228 4168 ‚ejus
1310 4082 1590 4163 victima,
1671 4081 1818 4147 item
1886 4097 2027 4147 oum

453 4186 708 4254 Venere
793 4188 932 4276 ejus
1027 4170 1328 4274 templum
1413 4184 1785 4267 Erycinum,
1887 4204 2027 4250 cum

452 4288 623 4357 Jove
665 4286 1106 4376 Capitolinum.
1191 4286 1370 4364 Idem
1418 4308 1620 4353 nexus
1670 4286 1856 4353 etiam
1897 4295 2028 4353 tum

450 4411 909 4479 nonnunquam
976 4389 1238 4472 valebit,
1311 4410 1453 4456 cum
1519 4393 1652 4475 ejus
1714 4409 1849 4455 non
1905 4397 2026 4456 sta·

394 4515 403 4524 ·
452 4497 575 4566 tim
620 4493 784 4562 ratio
837 4503 1137 4583 apparet,
1195 4494 1375 4581 isque
1430 4514 1515 4559 ex
1563 4490 1775 4560 fabula
1823 4486 2027 4584 priva·

448 4603 527 4668 tn
578 4606 675 4665 est
727 4595 1160 4685 explicandus.
1252 4597 1355 4663 Ita
1409 4617 1549 4662 cum
1601 4575 1807 4665 Diana
1854 4615 2023 4717 com·

488 4713 647 4786 (Vol.
680 4715 760 4786 Ι.)

2090 904 2291 959 tarum
2343 886 2651 985 Arcadiae
2703 895 2859 960 ‘cum
2924 918 2999 960 ea
3067 898 3363 983 conjungi
3417 921 3663 989 equum.

2090 995 2390 1062 Instituto
2466 996 2753 1063 examine
2826 999 3135 1085 comperi,
3225 1022 3263 1064 a
3334 997 3662 1071 Ph'eneatis

2058 1099 2363 1164 ·Dianam
2417 1089 2674 1165 nomine
2718 1098 3093 1182 Εὑριππης,
3135 1125 3428 1187 ,equarum
3470 1113 3661 1175 inven-
3695 1110 3704 1164 ἶ

2091 1207 2290 1283 tric-23,
2344 1199 2536 1268 fuisse
2594 1203 3004 1269 observatam.
3101 1205 3387 1272 Similem
3442 1211 3660 1276 utrius-

2094 1326 2215 1392 que
2288 1306 2484 1392 partis
2555 1328 2788 1372 nexum
2839 1305 3133 1372 ·offerunt
3215 1309 3412 1428 etiam
3491 1311 3666 1378 multi

2088 1405 2482 1498 familiarum
2504 1409 2928 1478 Romanarum
2972 1411 3164 1480 numi.
3253 1447 3260 1454 -

2088 1622 2411 1702 statosque
2473 1615 2750 1684 habuere
2812 1627 3036 1708 typos,
3113 1620 3245 1685 sive
3320 1619 3660 1687 inserendo

2088 1726 2382 1783 monetae
2456 1735 2606 1785 suae
2693 1719 2852 1786 deos
2937 1742 3089 1787 suos
3173 1719 3502 1804 tutelares,
3593 1733 3664 1790 ut

2088 1815 2507 1887 Athenienses
2564 1834 2751 1911 caput
2803 1822 3111 1905 Palladis,
3176 1823 3490 1911 hujusque
3544 1846 3684 1898 ιιο·Ἴ

2091 1931 2320 2003 ctuam,
2381 1925 2542 2020 ‘sive
2627 1935 2836 1992 vetera
2909 1917 3022 1993 sua
3104 1937 3501 2009 ornamenta,
3593 1937 3664 1993 ut

2093 2025 2314 2090 Cnosii
2355 2025 2812 2111 labyrinthum,
2872 2031 3005 2096 sive
3059 2032 3193 2117 agri
3247 2025 3344 2095 sui
3388 2038 3661 2118 proven-

2087 2135 2221 2209 tuS,
2280 2137 2348 2194 ut
2390 2128 2815 2218 Metapontini
2870 2134 3136 2221 spicam,
3175 2134 3510 2218 ‘Cyrenaei
3554 2134 3661 2200 sil·

2088 2230 2336 2319 phium,
2403 2233 2539 2300 sive
2569 2271 2574 2278 -
2602 2234 2814 2324 clypei
2877 2238 2975 2303 sui
3026 2238 3326 2312 formam,
3394 2247 3463 2303 ut
3517 2235 3662 2301 Ma·

2092 2333 2399 2419 cedones,
2443 2337 2709 2418 Boeoti,
2767 2339 2899 2405 sive
2952 2339 3315 2420 adlusiones
3360 2339 3445 2405 ad
3489 2337 3662 2418 urbis

2089 2457 2353 2518 nomen,
2410 2450 2476 2504 ut
2527 2440 2767 2504 Rhodii
2817 2462 3060 2524 rosam,
3122 2439 3372 2506 Sidetes
3432 2440 3663 2508 malum

2091 2539 2421 2628 Punicum,
2487 2541 2821 2608 Selinuntii
2875 2542 3100 2632 folium
3141 2544 3300 2632 apii,
3347 2554 3469 2613 etc.
3497 2543 3664 2611 ”sive

2089 2643 2360 2711 vicinum
2435 2654 2690 2712 naturae
2759 2647 3149 2728 miraculum,
3238 2656 3306 2715 ut
3355 2645 3660 2733 ‘Apollo-

2090 2747 2296 2813 niatae
2367 2746 2607 2831 Illyrici
2651 2748 3093 2836 Nymphaeum
3168 2747 3427 2834 ardens,
3509 2751 3660 2816 Cae·

2090 2851 2401 2916 sarienses
2468 2851 2908 2941 Cappadociae
2965 2853 3285 2940 Argaeum
3365 2863 3659 2935 montem,

2091 2953 2198 3017 alii
2267 2953 2392 3019 alia
2454 2975 2538 3019 ex
2598 2956 2800 3021 causis
2857 2947 3192 3038 incertiffl.
3223 2967 3291 3023 ut
3345 2954 3660 3042 Pelopon*-

1965 3096 1973 3106 -
2092 3054 2253 3118 nesii
2295 3053 2701 3137 testudinem,
2757 3056 2901 3118 Chii
2929 3057 3324 3140 Sphingem,
3378 3055 3661 3138 Dyrrha-

2092 3154 2278 3220 cheni
2348 3151 2606 3219 vitulum
2681 3154 3043 3234 lactantem,
3125 3156 3461 3238 Sybaritae
3547 3159 3660 3224 bo-

2091 3279 2232 3323 vem
2317 3256 2786 3343 respicientem,
2876 3257 3134 3339 Cymaei
3195 3258 3486 3325 Aeolidis
3551 3285 3661 3330 vas

2092 3369 2418 3425 monotum
2453 3370 2668 3426 certae
2721 3359 2977 3427 sormaess
3068 3359 3239 3441 Quin
3284 3373 3347 3429 et
3390 3364 3506 3430 sub
3551 3366 3660 3432 im·

2090 3461 2487 3551 peratoribus
2558 3474 2801 3530 veteres
2873 3467 3027 3530 snos
3097 3473 3292 3553 typos
3366 3466 3660 3556 aliquam-

2091 3565 2199 3658 diu
2239 3566 2554 3631 retinuere
2567 3616 2585 3649 ,
2641 3566 2759 3633 sed
2799 3566 3146 3656 plerisque.
3173 3590 3468 3636 successu
3511 3581 3660 3638 tem·

2090 3647 2269 3759 poris
2343 3667 2664 3750 ludorum,
2752 3666 3182 3760 festorumque
3252 3674 3495 3741 insania
3571 3676 3660 3742 in·

2094 3771 2412 3840 credibilis
2466 3770 2599 3841 fere
2655 3773 2904 3840 unicum
2969 3783 3267 3863 typorum
3338 3798 3660 3862 argumen-

2096 3885 2227 3943 tum
2271 3876 2490 3944 evasit.
2931 3927 2937 3932 -

2271 3977 2517 4056 Quibus
2567 3978 2738 4065 typis
2793 3976 3063 4043 Romani
3118 3978 3184 4044 in
3229 3989 3496 4046 moneta
3550 4003 3664 4048 sua

2096 4078 2418 4148 consulari
2484 4087 2548 4143 et
2619 4077 2990 4145 familiarum
3067 4081 3167 4147 usi
3250 4080 3526 4199 fuerint,
3593 4085 3660 4148 in

2095 4183 2281 4270 hujus
2348 4178 2814 4269 prolegomenis
2871 4180 3009 4248 fuse
3066 4157 3428 4252 docebitur:
3511 4184 3660 4254 Mo-

2094 4294 2240 4352 neta
2320 4284 2747 4369 Augustorum
2835 4304 2975 4349 cum
3073 4286 3276 4374 eapite
3360 4286 3660 4410 principis

2072 4386 2419 4473 'conjungit
2482 4395 2588 4451 aut
2651 4384 2910 4453 deorum
2969 4388 3301 4477 imagines,
3367 4401 3475 4457 aut
3526 4395 3660 4478 ejus

2092 4489 2387 4562 illustria,
2412 4486 2586 4554 domi
2640 4487 2924 4578 forisque
2981 4489 3172 4575 facta,
3240 4503 3346 4559 aut
3403 4491 3661 4559 virtutes

2092 4593 2363 4661 humana
2415 4590 2627 4680 specie
2678 4594 3059 4682 propositas.
3159 4594 3516 4663 Generatim
3571 4595 3658 4662 al·

3208 4705 3261 4778 ‘o

2241 1510 2508 1578 Multae
2565 1503 2951 1579 Graecorum
3005 1514 3192 1580 urbes
3249 1525 3460 1584 certos
3506 1515 3659 1583 suos
3757 1501 3768 1522 ⁸
