4450 5542
2627 380 2660 397 θ’

831 538 1048 593 xxxlv
1201 518 1207 525 ’
1728 508 2487 593 PROLEGOMENA
2539 490 3116 596 GENERALIA.

834 691 964 750 tam
1033 679 1324 768 frequens
1386 679 1454 746 in
1517 678 1967 761 minutissimo
1998 690 2261 768 argento
2306 683 2403 766 ja·
2460 684 2683 768 jugum
2726 681 3064 782 perferre*
3034 683 3203 770 Jussi
3247 684 3476 754 Graeci
3517 693 3627 753 aut
3665 624 3882 755 nullos
3925 704 4051 753 am·
4105 683 4114 693 '

840 793 1049 852 313133
1091 804 1221 851 non
1261 781 1458 851 modo
1501 781 1876 872 periculum,
1951 782 2066 850 sed
2097 784 2408 870 jacturam
2472 782 2641 872 plius
2725 787 3057 904 signavere
3139 806 3397 872 numos,
3528 797 3660 856 sut:
3720 786 4058 857 maximam

836 888 1039 977 ipsam
1078 888 1145 958 in
1190 906 1374 952 causa
1408 884 1630 969 fuisse,
1673 906 1782 953 cur
1811 885 2185 955 exsisterent
2212 886 2407 953 Athe·
2474 898 2717 977 partem
2786 888 3045 957 nonnisi
3109 909 3372 974 aeneos,
3462 900 3734 978 argento
3799 892 4057 961 nonnisi

815 991 939 1087 nis
987 995 1119 1078 J‘am
1173 989 1510 1081 antiquitus
1569 998 1856 1057 oratores
1871 1038 1890 1072 ,
1956 988 2093 1077 qui
2121 998 2413 1056 monetae
2479 991 2870 1079 paucissimis
2897 993 3227 1081 permisso.
3283 992 3564 1061 Aur-eos
3592 994 4055 1083 imperatorios,

841 1080 1067 1161 aeneae
1110 1110 1289 1160 usum
1333 1104 1620 1189 suasere,
1684 1091 1766 1159 de
1809 1114 1939 1181 quo
1983 1108 2236 1179 agemus
2284 1092 2413 1161 late
2481 1114 2722 1182 eosque
2772 1095 3128 1163 rarissimos
3182 1117 3317 1165 non
3370 1096 3671 1165 habemus
3724 1099 3851 1165 nisi
3903 1098 4074 1184 Caeffi

838 1195 904 1261 in
974 1203 1229 1263 moneta
1288 1195 1513 1264 Attica.
1624 1192 1957 1284 Denique
1980 1196 2413 1265 Romanorum
2482 1216 2697 1264 sareae
2739 1197 3213 1287 Cappadociae,
3272 1209 3338 1269 ct
3381 1196 3668 1295 Gabalae
3709 1200 3953 1285 Syriae.
4049 1258 4066 1273 .

1834 1400 3042 1561 „CAPVTIXM

1603 1621 1730 1696 De
1769 1627 2106 1727 pondere
2158 1648 2254 1699 ac
2307 1625 2582 1699 valore
2569 1628 2956 1699 monetae
3008 1624 3286 1699 veteris-0

840 1778 1095 1871 Numis
1152 1800 1466 1871 veteribus
1521 1806 1944 1893 cujuscunque
1991 1805 2225 1875 metalli
2281 1827 2412 1872 cer·
2486 1812 2726 1888 tantae,
2815 1825 2969 1895 quas
3043 1803 3287 1873 nullum
3353 1802 3464 1870 vel
3520 1804 3864 1893 ingenium,
3949 1805 4059 1875 vel

710 1908 717 1917 '
840 1917 991 1989 tum
1032 1905 1226 1974 fuisse
1290 1905 1545 1994 publice
1620 1908 2071 1996 praescriptum
2135 1909 2412 1998 pondus,
2488 1910 2734 1998 tempu‘s
2785 1898 3034 2007 posse
3093 1906 3342 1975 amoliri
3413 1906 3709 1975 cordatus
3771 1907 4060 2003 quisque

840 2018 905 2078 et
958 2030 1000 2075 a
1050 2006 1336 2098 pondere
1390 2031 1569 2077 suum
1621 2008 1751 2076 illis
1807 2012 2056 2079 stetisse
2109 2013 2410 2095 valorem,
2484 2010 2670 2079 133113
2733 2032 2974 2101 mecum
3026 2008 3353 2097 intelliget.
3462 2012 3565 2077 En
3616 2016 3825 2083 331313
3875 2032 4059 2100 prae·-

845 2104 1007 2178 adeo
1062 2102 1283 2182 νει-331
1331 2122 1457 2195 est,
1534 2122 1632 2195 ut,
1707 2112 1761 2179 si
1816 2115 2237 2219 comprobare
2287 2113 2416 2183 vel·
2485 2116 2670 2203 cipua
2755 2091 3064 2181 nonnulla
3149 2114 3371 2202 capita.
3484 2111 3680 2181 Multi
3769 2122 4057 2181 33313133

843 2204 1280 2297 101³,an
1330 2213 1548 2283 videar
1588 2236 1720 2282 rem
1764 2234 1950 2302 agere
1966 2214 2174 2285 velle.
2283 2214 2418 2284 Sed
2482 2226 2755 2297 veteres,
2829 2217 2937 2313 qui
2995 2215 3076 2283 de
3133 2214 3420 2303 pondere
3491 2232 3567 2281 ac
3628 2214 3851 2283 valore
3909 2213 4147 2310 3311,

844 2338 1007 2406 quae
1079 2315 1302 2386 fuerit
1308 2317 1632 2409 ponderis
1702 2327 1979 2387 veterum
2050 2329 2270 2387 331313
2327 2329 2415 2386 at·
2482 2338 2697 2407 psere‚
2767 2340 3161 2409 quorumque
3208 2339 3331 2385 nos
3384 2320 3738 2386 auctoritati
3782 2318 4058 2389 tribuere

802 2484 813 2501 ὁ,
846 2441 969 2509 que
1042 2420 1363 2504 conditio,
1432 2442 1512 2489 en
1582 2420 1700 2489 tibi
1740 2423 2085 2490 materiam
2154 2432 2415 2507 vastam,
2482 2420 2743 2489 multum
2806 2423 3134 2502 solemus,
3190 2433 3299 2519 aut
3365 2422 3458 2487 13
3495 2432 3892 2507 1133333133
3921 2430 4055 2488 tan·

844 2531 908 2589 et
958 2522 1012 2587 si
1067 2543 1192 2610 qua
1248 2520 1373 2589 3113
1436 2524 1856 2606 salebrosam‚
1927 2524 2077 2614 inde
2142 2544 2225 2590 ex
2286 2544 2415 2611 quo
2480 2530 2615 2593 tum
2677 2520 2842 2589 hanc
2907 2490 3156 2590 causam
3219 2508 3584 2611 attigerunt,
3643 2532 3798 2605 331,
3871 2522 4061 2590 etiam

842 2633 1097 2692 renatae
1168 2635 1314 2693 sunt
1378 2624 1597 2694 literae
1611 2674 1629 2710 ,
1718 2648 1942 2745 magna
2013 2616 2419 2697 contentione
2484 2646 2625 2691 cum
2696 2645 2780 2692 ex
2841 2618 3178 2717 proposito
3246 2646 3382 2693 eam
3433 2633 3699 2691 11331313
3751 2634 3900 2693 sunt
3953 2644 4057 2712 ag·

774 2724 786 2771 ’-
846 2727 1225 2816 disputatam
1285 2750 1325 2795 3
1372 2729 1525 2797 viris
1576 2731 1817 2798 summi
1858 2731 2088 2819 ingenii
2137 2740 2218 2805 31
2279 2750 2416 2798 eru·
2482 2728 2713 2817 gressi,
2785 2730 3091 2798 rationem
3141 2727 3341 2796 nobis
3372 2727 3528 2797 mire
3583 2726 3905 2805 confusam
3944 2728 4057 2793 im·

846 2829 1167 2912 ditionis,
1211 2828 1543 2917 Agricola,
1608 2832 1909 2919 Budaeo,
1976 2833 2416 2916 Hotomanm,
2483 2830 2888 2920 peditemque
2948 2833 3278 2923 reliquere·
3390 2830 3663 2913 Plinius,
3746 2831 3853 2920 qui
3915 2847 4057 2897 333-

840 2928 981 3001 Jos.
1026 2930 1384 3021 83311333),
1455 2934 1874 3018 camerario,
1912 2932 2193 3019 Snellio,
2253 2937 2416 3005 Gro·
2486 2955 2590 3001 sas
2649 2945 2938 3003 monetae
2981 2933 3306 3007 Romanae
3357 2931 3508 3000 inde
3559 2932 3642 3000 ab
3695 2936 3832 3020 ejus
3873 2928 4058 3001 exci-

630 3028 641 3036 ⁴
722 3066 777 3091 a·
845 3058 1039 3104 nov1o
1040 3084 1072 3121 ,
1171 3044 1241 3102 ut
1304 3034 1689 3125 praeteream
1758 3058 2008 3121 eorum,
2110 3039 2222 3127 qui
2295 3039 2418 3107 hos
2486 3034 2626 3104 dio
2673 3039 3016 3122 enarravit,
3104 3049 3232 3107 tam
3297 3036 3587 3123 ambigua
3653 3034 3859 3121 istud,
3946 3035 4059 3103 im

752 3188 773 3219 ,,
846 3137 1044 3206 secuti
1086 3147 1262 3221 sunt,
1331 3142 1830 3209 commentarios.
1949 3142 2023 3209 Si
2063 3162 2147 3211 ex
2190 3141 2420 3211 horum
2485 3138 2826 3229 pedita‘que
2889 3142 3178 3231 oratione
3244 3140 3511 3224 peregit,
3599 3148 3696 3217 ut,
3785 3135 3894 3223 qui
3956 3157 4061 3204 ve-

844 3239 1172 3311 laboribus
1226 3242 1558 3311 indefessis
1607 3242 1958 3334 vigiliisque
2022 3242 2190 3311 istud
2257 3233 2419 3311 obti-
2483 3259 2622 3307 rum
2674 3245 2808 3326 ejus
2865 3254 3117 3307 sensum
3153 3234 3386 3305 elicere
3425 3245 3573 3311 sunt
3612 3238 3856 3320 conati,
3919 3237 4061 3327 ple·

847 3345 1121 3430 nuimus,
1189 3344 1364 3434 quod
1408 3347 1478 3414 in
1530 3346 1719 3414 rebus
1763 3346 1973 3414 multis
2025 3346 2109 3415 ad
2150 3347 2280 3413 hoc
2322 3365 2416 3414 ar-
2484 3343 2666 3431 rique
2716 3340 2877 3408 nihil
2937 3340 3324 3424 adferrent,
3352 3334 3546 3429 quod
3589 3359 3723 3407 nen
3787 3338 3898 3406 alii
3959 3361 4058 3408 re·

848 3456 1245 3535 gumentum
1276 3448 1700 3536 spectantibus
1774 3446 1974 3519 multo
2041 3451 2242 3537 magis
2308 3470 2419 3518 ex·
2484 3444 2885 3533 probandum
2928 3444 3249 3511 ducerent.
3340 3443 3588 3528 Livius,
3632 3443 3743 3533 qui
3769 3464 4061 3532 magnam
4146 3524 4178 3535 ‚.

848 3546 1122 3639 peditam
1185 3549 1487 3617 habemus
1559 3552 1917 3617 rationem
1875 3600 1894 3634 ,
1982 3572 2174 3643 saepe
2234 3553 2420 3631 etiam
2486 3546 2790 3615 historiae
2846 3555 3087 3635 partem
3140 3568 3224 3615 ex
3279 3546 3548 3615 aliorum
3600 3546 4060 3617 cdmmentariis

850 3650 1253 3741 manifestam
1323 3661 1387 3718 et
1466 3650 1853 3734 evidentem,
1951 3664 2016 3721 at
2100 3653 2420 3725 fatendum
2488 3651 2895 3739 conscripsit,
2936 3655 3065 3717 tam
3107 3670 3297 3740 saepe
3338 3650 3527 3718 miras
3568 3650 3928 3740 ponderis,
3951 3668 4058 3716 va·

849 3764 948 3823 est
991 3756 1221 3843 ctiam,
1280 3752 1474 3822 multa
1527 3773 1671 3821 esse
1711 3752 1978 3823 adhuc
1959 3777 2026 3820 m
2069 3755 2190 3823 hac
2233 3758 2420 3824 cau‘sa
2485 3751 2675 3837 loris,
2744 3750 3239 3842 appellationum
3290 3755 3567 3820 rationes
3615 3750 3914 3830 contulit,
3986 3760 4058 3819 nt

852 3856 1044 3926 dubia
1129 3866 1318 3946 atque
1396 3858 1639 3928 ineerta
1652 3904 1671 3941 ,
1790 3852 1984 3926 multa
2072 3856 2419 3927 Cimmeriis
2489 3855 2641 3923 satis
2713 3866 3038 3944 appareat,
3127 3877 3270 3923 eum
3335 3842 3633 3921 ‘scientiae
3695 3853 3883 3940 hujus
3950 3850 4058 3920 vel

850 3954 1058 4029 adhuc
1114 3959 1408 4028 noctibus
1468 3960 1783 4043 involuta,
1874 3958 2049 4050 qnod
2116 3963 2268 4030 satis
2337 3984 2420 4030 ex
2485 3954 2686 4028 ’131333
2737 3958 3057 4026 rudiorem
3071 4005 3090 4041 ‚
3159 3954 3267 4025 'vel
3322 3978 3557 4046 operae
3607 3957 3875 4046 pretium
3922 3975 4058 4025 non

852 4054 1295 4148 eruditorum,
1363 4084 1524 4153 quos
1612 4063 1795 4134 citavi
1810 4110 1830 4148 ,
1928 4062 2141 4133 litibus
2231 4073 2428 4153 atque
2484 4072 2769 4152 putasse,
2813 4078 3100 4148 magnam
3133 4059 3217 4128 ad
3243 4060 3371 4128 hoc
3402 4078 3668 4143 examen
3710 4057 4059 4145 ἀκριβιιαν

722 4168 726 4172 ’
855 4160 1143 4236 dissidiis
1173 4176 1451 4258 apparet.
2283 4194 2290 4199 ·
2339 4212 2342 4221 ,
2486 4165 2793 4234 conferre.
2883 4165 3226 4234 Enimvero
3272 4163 3447 4254 quod
3488 4162 3574 4231 de
3624 4172 3915 4233 monetae
3943 4160 4057 4227 At-

706 4530 739 4545 fi

912 4280 923 4287 “
1025 4264 1469 4365 officula-tes,
1545 4291 1706 4359 quae
1764 4270 1929 4339 hanc
1990 4288 2241 4337 cainam
2301 4269 2418 4337 eir·
2483 4269 2646 4337 tiene
2719 4266 2938 4337 valore
3018 4269 3270 4356 scripsit
3281 4272 3373 4353 ⁸),
3459 4267 3750 4355 imperite
3818 4262 4056 4347 hercle,

840 4362 1190 4491 cums'tant,
1294 4370 1649 4479 multiplicis
1736 4386 1881 4444 sunt
1964 4374 2243 4461 generis,
2344 4392 2419 4440 ac
2483 4374 2541 4441 si
2604 4372 2979 4461 scriptorum
3047 4372 3340 4443 omnium
3376 4388 3785 4454 consensum,
3869 4376 4059 4456 atque

2377 4530 2714 4541 ιη’-...ιω-
3183 4529 3325 4539 ι-ο-ψ-

1898 4533 2029 4541 *μ*

991 4589 1059 4659 υ)
1102 4587 1160 4647 Ι».
1195 4520 1437 4663 m·
1473 4612 1517 4646 3.
1552 4595 1641 4645 52.
