4450 5542
838 354 872 372 Q

854 414 900 446 X

395 676 501 742 cit.
587 675 700 741 Sic
742 667 971 744 numos
1019 681 1293 759 11,12‚
1342 681 1454 757 13,
1505 679 1620 758 14,
1670 682 1749 747 15
1794 672 1985 743 tabu--

388 776 497 844 lae
543 775 844 846 XCVIII.
886 780 997 846 ait
1049 788 1268 867 captos
1323 800 1362 844 a
1415 778 1661 844 Paruta.
1763 780 1970 858 Quam

390 900 666 968 pronum
723 892 850 962 est,
939 881 1198 948 credere
1250 879 1553 947 lectorem
1618 900 1750 945 non
1817 880 1967 946 satis

391 991 736 1062 attentum,
793 1004 915 1049 eos
964 1005 1216 1072 quoque
1272 1004 1309 1047 a
1351 982 1579 1050 Paruta
1620 982 1793 1048 visos
1838 980 1967 1047 edi·

304 1079 319 1085 ’
390 1093 630 1173 tosque
687 1081 923 1164 fuisse?
1025 1087 1111 1151 At
1168 1086 1504 1173 inquirenti
1558 1084 1742 1150 facile
1796 1089 1969 1171 pate·

332 1193 355 1212 “
390 1186 526 1268 bit,
570 1209 686 1262 eos
732 1207 949 1256 omnes
995 1209 1037 1252 a
1078 1187 1302 1254 Paruta
1343 1209 1426 1255 ex
1473 1187 1730 1255 Goltzio
1775 1185 1969 1253 fuisse

394 1298 647 1376 captos.
778 1289 1140 1356 consultius
1202 1312 1354 1376 ergo
1410 1291 1639 1371 fuerat,
1701 1288 1969 1377 primum

1564 512 2101 624 -οᾼΡνΤ
2203 515 2422 585 xxu.

3428 533 3610 587 cLur

2041 674 2280 743 Goltzii
2307 721 2328 756 ,
2419 693 2682 760 quorum
2771 675 3197 763 antiquissima
3283 676 3479 776 editio
3568 661 3622 745 a*

2036 776 2360 843 Bandurio
2404 776 2471 840 in
2516 775 2914 843 Bibliotheca
2969 799 3082 843 sna
3136 769 3417 847 numaria
3457 802 3604 868 pro·

2038 878 2203 945 ditur
2259 900 2360 956 ea,
2435 899 2597 964 quae
2655 878 2852 944 exivit
2903 881 3133 966 Brugis
3186 881 3605 948 Flandrorum

2016 985 2223 1051 -1566,
2307 981 2384 1050 Ιιι
2429 981 2524 1048 rei
2581 975 2981 1063 insolentiam
3026 993 3165 1049 cu'm
3209 983 3606 1070 inquirerem,

2038 1083 2273 1148 exitum
2349 1079 2599 1148 tandem
2679 1082 2883 1169 reperi
2960 1083 3124 1150 lecta
3195 1079 3602 1173 praefatione,

2000 1187 2199 1271 ‘quae
2280 1192 2379 1248 est
2462 1183 2693 1270 pagina
2777 1189 2875 1254 65.
2963 1177 3186 1253 citatae
3278 1186 3601 1272 editionis,

2038 1294 2293 1353 auctore
2335 1286 2479 1373 ipso
2525 1286 2592 1350 in
2637 1287 2800 1352 hanc
2845 1279 3214 1354 sententiam
3259 1291 3601 1362 scribente·

390 1413 620 1458 eorum
677 1401 995 1458 auctorem
1058 1390 1323 1458 efferre.
1407 1393 1562 1477 Ejus
1615 1392 1968 1479 exemplum
2033 1389 2174 1455 Non
2241 1394 2297 1455 εἰ
2353 1411 2496 1454 sono
2573 1400 2789 1485 poste
2829 1395 2930 1457 nel
3005 1405 3277 1475 presente
3361 1405 3622 1472 ιναιιαιο,
3671 1396 3682 1404 ”

392 1487 572 1558 aliud
642 1512 996 1581 proponam
1059 1493 1125 1558 in
1186 1491 1661 1581 prolegomenis
1724 1494 1806 1560 ad
1858 1496 1969 1560 im-

390 1602 763 1682 peratorum
827 1617 1070 1663 numos.

2036 1496 2189 1560 delle
2243 1496 3205 1579 monetelefigurediquelle,
3262 1531 3605 1547 ————-

1204 1598 1408 1676 Quam
1475 1596 1644 1664 istud
1708 1617 1971 1677 examen
2030 1618 2145 1678 per
2192 1600 2413 1660 essars-i
2460 1598 2516 1660 le
2544 1598 2801 1682 figure,
2869 1618 2903 1662 e
2964 1600 3011 1662 li
3076 1603 3311 1682 dmg-ni
3367 1603 3435 1665 di
3479 1620 3622 1667 esse*

392 1717 593 1784 saepe
644 1698 799 1763 mihi
853 1697 1039 1766 fuerit
1089 1641 1455 1780 molestum,
1517 1708 1581 1766 et
1634 1699 1969 1787 impedive—
2035 1702 2323 1781 stampati
2378 1702 2570 1802 questi
2627 1703 2776 1763 anni
2831 1695 3055 1764 adime}
3118 1695 3200 1766 da
3264 1703 3600 1782 ALTRUI,

388 1800 479 1865 rit
524 1820 950 1887 progressum,
992 1822 1264 1889 pronum
1308 1811 1405 1868 est
1444 1801 1810 1888 intelligere.
1887 1800 1972 1867 At
2034 1804 2223 1866 dende
2304 1811 2596 1882 potramo
2681 1801 2779 1883 gli
2859 1802 3118 1869 huomini
3175 1805 3388 1870 havere
3451 1828 3600 1871 eom·

392 1900 623 1970 saltem
685 1925 828 1968 eum
890 1903 1040 1969 inde
1099 1905 1355 1991 percepi
1412 1903 1704 1985 fructum,
1794 1903 1970 1991 quod

2036 1908 2393 1968 modameme
2485 1904 2576 1967 tal
2659 1903 2929 1988 beneficio
2960 1951 2977 1982 ,
3105 1912 3210 1970 noi
3300 1909 3603 1976 habbiamo
3638 1965 3652 1988 ,

390 2008 661 2071 remotis
704 2005 805 2090 llis
848 2016 955 2078 aut
1003 2004 1210 2087 falsis,
1272 2018 1378 2071 aut
1425 2010 1750 2092 suspectae
1803 2008 1969 2093 puri·
2035 2012 2271 2072 stimate
2322 2005 2618 2069 sovercln'o
2669 2007 2718 2068 il
2767 2005 3045 2071 ritornar’
3103 2005 3147 2072 ὰ
3176 2008 3336 2089 sare
3386 2015 3598 2095 quello,

264 2137 287 2142 -
316 2175 339 2185 ,
392 2106 549 2173 tatis
598 2108 804 2174 numis
860 2113 1159 2194 majorem
1213 2103 1343 2174 vidi
1389 2108 1567 2194 operi
1609 2130 1752 2174 meo
1797 2129 1970 2175 acce·
2035 2109 2140 2174 che
2189 2112 2273 2170 da
2325 2109 2472 2172 altri
2522 2105 2557 2172 ὲ
2606 2118 2763 2172 stato
2785 2107 2977 2188 fatto.
3069 2108 3264 2196 Atqui
3306 2107 3474 2176 hunc
3514 2116 3601 2179 al·

398 2208 557 2277 dea-e
610 2212 1075 2293 castimoniam,
1134 2219 1199 2279 et
1250 2231 1288 2275 a
1341 2231 1442 2276 me
1494 2210 1789 2276 amolitus
1833 2232 1970 2277 sum
2035 2214 2161 2275 treci
2198 2206 2385 2273 alium
2429 2228 2569 2274 esse
2611 2230 2743 2275 non
2787 2230 3000 2295 posse,
3032 2231 3230 2298 quam
3261 2213 3600 2296 Goltzium,

391 2311 697 2379 invidiam
726 2361 748 2394 ,
858 2324 1191 2402 tanquam=
1244 2311 1667 2382 inconsultum
1752 2312 1972 2381 fuisset

392 2433 607 2488 meum
659 2415 743 2480 de
796 2411 1056 2482 Goltzio
1082 2414 1442 2502 judicium,
1533 2414 1708 2503 quod
1762 2415 1968 2506 hacte-

2037 2311 2177 2398 quis
2236 2310 2538 2396 ambiget,
2600 2332 2739 2378 cum
2801 2333 2933 2377 non
2988 2323 3265 2397 constet,
3350 2336 3601 2403 praece·

2019 2412 2317 2492 'dentium
2405 2413 2893 2500 antiquariorum
2981 2415 3250 2503 aliquem
3328 2428 3435 2485 aut
3505 2427 3605 2486 tot

396 2539 523 2584 nus
574 2517 802 2583 lectori
853 2516 1193 2584 secundum
1258 2538 1477 2586 omnes
1540 2541 1683 2585 suas
1753 2537 1970 2584 causas
2035 2536 2265 2582 numos
2309 2514 2698 2597 consulares,
2760 2527 2865 2583 aut
2906 2516 3027 2586 hos
3070 2518 3249 2606 ipsos
3292 2520 3357 2587 in
3400 2520 3605 2589 lucem

398 2620 738 2709 proposui.
848 2621 1103 2688 Cautius
1158 2621 1535 2688 Vaillantius
1595 2618 1971 2686 Goltzianos

398 2745 639 2790 numos
702 2743 921 2789 omues
988 2724 1059 2788 in
1117 2745 1235 2790 suo
1294 2721 1696 2789 Familiarum
1775 2719 1972 2810 opere

398 2823 589 2893 litera
633 2826 712 2893 G.
756 2825 1027 2905 notavit,
1085 2824 1420 2893 Motellius
1463 2846 1648 2904 vero,
1699 2833 1769 2889 ut
1813 2824 1973 2889 dixi·

402 2950 577 3010 mus,
621 2950 738 2996 eos
782 2950 822 2995 a
858 2928 1074 3009 certis,
1119 2938 1416 3020 tanquam
1456 2927 1660 2995 libros
1706 2939 1971 3014 apocry-

401 3030 577 3118 phos
616 3053 657 3097 a
700 3030 1053 3113 canonicis,
1109 3030 1420 3098 discrevit.

582 3132 863 3216 Primus,
924 3133 1026 3199 cui
1079 3155 1346 3201 mercem
1392 3131 1792 3200 Goltzianam
1832 3127 1973 3195 illu·

404 3244 609 3302 strare
670 3235 1132 3308 commentariis
1198 3235 1463 3324 placuit,
1551 3232 1667 3298 fuit
1723 3227 1975 3300 'SEBA-

405 3336 793 3406 STIANVS
849 3336 1241 3408 ERIZZVS.
1300 3376 1305 3380 -
1346 3335 1484 3402 Jam
1536 3332 1705 3400 istud
1762 3334 1978 3400 docuit

402 3438 751 3507 Motellius
809 3439 881 3505 -in
951 3440 1254 3527 epistola,
1344 3459 1528 3526 quam
1587 3436 1668 3503 ad
1723 3436 1975 3503 Perizo-

406 3543 583 3610 nium
644 3541 925 3634 scripsit,
1015 3551 1081 3608 et
1142 3562 1300 3632 quae
1364 3550 1572 3606 exstat
1619 3540 1691 3603 in
1737 3538 1978 3606 Electis

408 3643 836 3712 Woltereckii
875 3663 1017 3732 pag.
1062 3650 1169 3716 42.
1254 3644 1341 3710 Et
1395 3663 1547 3709 vero
1604 3643 1755 3710 satis
1806 3641 1978 3708 istud

408 3746 603 3816 docet
656 3748 1037 3834 ·inapeetum
1124 3748 1259 3830 ejus
1332 3744 1447 3810 viri
1520 3765 1714 3832 opus,
1802 3742 1976 3832 quod

407 3851 700 3924 st‘scorsu
776 3871 963 3935 σφι-α
1032 3854 1091 3916 le
1152 3850 1460 3932 Medaglie
1520 3852 1690 3933 degli
1745 3850 1988 3914 Amic-hi

402 3951 803 4034 haoeibitur,
872 3952 941 4016 in
993 3972 1122 4038 quo
1175 3951 1448 4037 reperias
1504 3951 1810 4035 insignem
1869 3970 1981 4016 nu·

406 4075 653 4124 nerum
704 4039 1037 4120 numorum
1093 4073 1175 4118 ex
1220 4051 1463 4119 Goltzii
1511 4051 1721 4119 Fastis
1752 4061 1981 4138 capto-

408 4177 577 4228 tum.
623 4156 884 4236 eruditis
964 4154 1509 4234 qbservatio‘nibus
1585 4153 1976 4221 illustratum.

396 4257 597 4330 'Haec
646 4253 790 4328 eum
842 4268 1015 4326 certa
1068 4257 1195 4324 sint
1237 4279 1311 4324 ac
1351 4255 1707 4338 manifesta,
1762 4255 1983 4322 mirum

410 4369 625 4432 tmen
708 4361 943 4443 visum,
1030 4381 1159 4448 quo
1244 4369 1433 4447 pacto
1497 4359 1788 4439 Erizzus,
1877 4357 1989 4445 qui

410 4461 734 4534 nudatum
800 4484 963 4552 opus
1021 4462 1303 4529 Venetiis
1370 4482 1537 4528 anno
1599 4464 1782 4532 1559.
1854 4458 1981 4524 edi·

2039 2616 2335 2685 dedisse?
2399 2617 2556 2684 Non
2598 2619 2748 2685 satis
2790 2619 3092 2687 lectorem
3136 2621 3403 2692 erudivit
3432 2625 3606 2691 Eriz-

2039 2741 2181 2801 zus,
2251 2741 2389 2785 cum
2450 2741 2592 2786 eum
2643 2742 2805 2807 vago
2859 2722 2989 2790 hoc
3051 2729 3241 2792 altrei
3290 2726 3604 2794 vocabulo

2038 2822 2108 2886 in
2158 2821 2402 2887 incerto
2455 2822 2867 2910 relinqueret,
2944 2828 3190 2892 tametsi
3242 2826 3462 2894 eadem
3513 2830 3634 2897 in·'

2043 2923 2212 2987 curia
2278 2924 2679 3011 non,paucis
2732 2948 2980 3008 eorum,
3068 2929 3176 3015 qui
3228 2951 3605 3015 successere,

1984 3024 2248 3117 possit
2317 3026 2727 3112 exprobrari,
2816 3049 2898 3093 ex
2983 3048 3113 3115 quo
3151 3029 3453 3115 iactum,
3536 3043 3608 3100 ut

2045 3126 2521 3195 Goltzianorum
2597 3129 3049 3218 ‚numismatum
3134 3130 3292 3198 fides
3314 3181 3334 3215 ,
3465 3156 3605 3203 cum

2045 3227 2312 3295 aliorum
2355 3250 2607 3316 quoque
2659 3230 3029 3314 testimoniis
3075 3233 3226 3300 satis
3271 3256 3413 3302 esse
3455 3258 3603 3305 con·

2044 3332 2284 3398 firmata
2336 3329 2693 3399 viderentur
2706 3383 2722 3411 ‚
2811 3332 3067 3399 altiores
3133 3357 3382 3426 semper
3441 3337 3604 3412 radi·
3689 3395 3700 3402 .

2044 3458 2148 3502 ces
2205 3433 2431 3522 ageret.
2561 3434 2666 3500 Ex
2722 3455 2850 3522 quo
2907 3440 3212 3526 sequitur,
3280 3450 3387 3508 aut
3433 3451 3606 3508 vetu-

2044 3539 2302 3606 stiorem
2359 3536 2632 3624 aliquam
2663 3538 3004 3607 exstitisse
3059 3542 3394 3610 Fastorum
3448 3543 3603 3612 Gol-

2044 3641 2396 3710 tzianorum
2449 3638 2817 3722 editionem,
2888 3653 2994 3710 aut
3045 3645 3197 3712 alibi
3227 3651 3392 3728 ³esse
3443 3669 3608 3715 erra-

2045 3752 2206 3824 tum,
2287 3742 2354 3807 in
2409 3741 2583 3829 quod
2637 3766 2803 3811 nunc
2854 3746 3171 3833 inquirere
3226 3767 3360 3814 non
3410 3761 3605 3830 vacat,

2049 3844 2162 3911 sed
2216 3861 2475 3911 necesse
2516 3846 2749 3929 visum,
2788 3846 2971 3914 istud
3028 3849 3409 3917 enucleatius
3459 3872 3607 3939 pro·

2047 3968 2318 4034 ponere,
2373 3967 2456 4015 ne
2510 3949 2648 4036 quis
2707 3970 2931 4015 numos
2987 3950 3067 4015 sb
3124 3952 3353 4017 Erizzo
3408 3953 3607 4040 expli·

2049 4059 2224 4115 catos
2272 4049 2531 4126 Goltzio
2577 4052 2937 4130 antei-iores,
2984 4061 3050 4116 et
3088 4052 3249 4118 adeo
3295 4074 3429 4119 non
3452 4054 3608 4121 Gol-

2049 4152 2293 4218 tzianos
2350 4151 2677 4218 existimet.
2764 4150 2922 4218 Post
2961 4153 3249 4220 Erizzum
3293 4151 3451 4242 grex
3492 4157 3612 4236 finit

2050 4263 2407 4333 auctorum,
2485 4252 2619 4338 qui,
2695 4273 2833 4320 cum
2891 4254 3132 4322 Goltzii
3183 4259 3611 4328 auctoritatem

2053 4375 2420 4444 quacunque
2485 4353 2608 4420 alia
2665 4351 2990 4443 potiorem
3051 4358 3392 4445 ducerent,
3477 4367 3620 4449 ejus

2054 4465 2402 4523 commenta
2487 4466 2779 4547 tanquam
2863 4482 2904 4526 a
2964 4458 3172 4530 Musis
3248 4463 3480 4532 dictata
3547 4466 3613 4531 in

414 4559 627 4650 derat,
670 4567 985 4654 potuerit
1016 4561 1333 4653 explicare
1386 4581 1613 4631 numos
1652 4559 1985 4628 Fastorum
2053 4581 2214 4649 opus
2271 4580 2449 4628 suum
2500 4562 2866 4651 reciperent.
2956 4563 3088 4632 Sed
3131 4566 3339 4636 missis
3383 4567 3482 4634 his
3521 4565 3612 4633 lu·

484 4682 666 4754 (φοι
672 4681 755 4753 ι.)

3171 4687 3215 4734 u
