4450 5542
1515 505 2724 588 CAPVTXXI.1
3327 538 3732 630 ιιιιιιῆτιιΙ

580 605 986 748 characteres
1028 673 1220 761 hujus
1262 609 1574 762 epochae.
2050 676 2405 744 doctrinam
2492 677 2613 743 rite
2697 676 3156 746 confirmabunt
3174 726 3205 796 ⁹.-
3280 682 3616 770 praecipue
3743 713 3754 728 =

578 775 915 843 mallum.
1031 776 1389 894 Argentum
1429 776 1664 858 adhuc,
1736 798 1980 845 aurum-
2045 801 2272 848 numos
2359 777 2832 864 Macedoniae,
2940 790 3006 849 et
3087 775 3332 852 vicinae
3413 785 3613 856 Thrae

406 895 534 965 que
576 876 973 975 dominatur,
1020 888 1087 945 et
1138 879 1394 950 nonnisi
1447 900 1685 967 paucos
1737 903 1975 948 aeneos
2047 884 2198 950 ciae.

400 979 575 1046 intra
611 978 779 1046 hanc
821 979 1128 1090 epocham
1170 982 1451 1069 signatos
1488 1004 1824 1070 possumus
1867 981 1977 1059 ad·
2216 988 2406 1054 Salus
2464 989 2755 1067 piceam.
2868 984 3096 1072 Vitatis
3158 987 3394 1074 prioris
3459 1010 3611 1077 epo·

400 1079 671 1148 firmare.
758 1080 1085 1150 Inductam
1125 1082 1248 1150 hac
1289 1093 1493 1172 aetate
1533 1084 1800 1152 Athenis
1842 1108 1976 1153 mo·
2044 1087 2202 1154 chae
2254 1105 2365 1154 seu
2395 1086 2617 1168 vitiis,
2706 1106 2821 1162 seu
2876 1088 3331 1157 consuetudine
3383 1111 3610 1160 numos

400 1192 618 1252 netum
662 1199 920 1251 aeneam
964 1194 1226 1252 testatm·
1232 1164 1713 1275 Aristophanes
1755 1189 1823 1254 in
1850 1169 1975 1256 Ra-
2042 1190 2228 1277 hujus
2294 1172 2604 1256 intervalli
2668 1187 2990 1276 distinguit
3050 1192 3282 1259 modus
3333 1193 3612 1280 picturae
3699 1251 3706 1254 .

400 1286 536 1368 nis,
586 1307 747 1374 quae
788 1296 965 1354 actae
1006 1297 1153 1355 sunt
1193 1289 1273 1356 V.
1322 1290 1390 1380 C.
1434 1293 1612 1372 348„
1662 1289 1783 1357 sed
1824 1312 1974 1359 con·
2030 1297 2236 1379 justas
2298 1290 2559 1379 quidem
2621 1311 2880 1362 servans
2942 1293 3210 1379 partium
3273 1293 3608 1364 dimensio·
3661 1375 3668 1382 ,

226 1355 253 1378 ρ
393 1397 543 1460 stat
618 1388 806 1458 etiam
888 1410 973 1455 ex
1047 1390 1331 1480 ejusdem
1415 1339 1975 1476 Concionantibus,
2040 1417 2186 1477 nes,
2259 1393 2559 1464 nondum
2622 1402 2858 1462 tamen
2891 1393 3285 1482 perfectioris
3347 1408 3612 1468 -namrae

401 1511 545 1556 eam
598 1489 817 1579 paullo
873 1501 1026 1578 post
1075 1493 1273 1560 fuisse
1325 1492 1625 1564 abolitam
1669 1494 1977 1562 clamante
2042 1497 2412 1585 elegantiam
2496 1504 2562 1561 et
2646 1494 3008 1579 illecebras,
3099 1518 3254 1586 quas
3335 1500 3612 1570 subinde

399 1612 751 1680 praecone:
820 1606 1073 1678 argeum
1125 1602 1277 1664 mim
1327 1604 1581 1678 ndinmr,
1644 1597 1820 1687 quod
1877 1620 2009 1702 ιιι·-
2043 1601 2328 1670 Charites
2400 1596 2732 1681 addidere,
2821 1600 3202 1689 exprimens.
3333 1601 3611 1672 Possunt

398 1704 765 1782 gementum
830 1687 1037 1763 laxius
1106 1698 1559 1770 tractabimus
1548 1700 1649 1765 in
1718 1710 1975 1768 moneta
2041 1727 2123 1772 ex
2173 1704 2380 1771 numis
2437 1701 2680 1768 infinita
2742 1704 2878 1788 ejus
2935 1701 3227 1791 exempla
3280 1705 3445 1791 peti,
3518 1717 3606 1774 at·

398 1797 643 1880 Attica,
684 1819 849 1904 quo
913 1797 1065 1866 loco
1108 1778 1497 1869 =di>0eb1mn2
1560 1803 1778 1885 etiam,
1837 1808 1971 1889 jam
2040 1829 2163 1897 que
2216 1805 2388 1873 istud
2442 1814 2619 1874 tanto
2677 1806 2935 1887 certius,
3000 1805 3146 1892 qui&
3196 1826 3398 1893 P⁸²¹0⁸
3439 1793 3606 1882 ast&
3683 1831 3728 1856 ““
3828 1900 3844 1920 ,
3941 1907 3946 1916 ,

399 1879 727 1989 aliquanto
812 1903 1111 1969 maturius
1196 1907 1330 1989 ejus
1419 1926 1598 1972 usum
1669 1915 1971 1976 tentatum
2037 1912 2169 1977 rius
2218 1910 2487 1996 generis
2522 1913 2923 1978 monumenta
2975 1929 3059 1975 ex
3110 1907 3239 1974 hoc
3291 1931 3450 1979 aevo
3503 1933 3602 1979 su·

396 2024 443 2067 a
522 2002 848 2088 Dionysio
945 2003 1237 2086 rhetore,
1337 2000 1454 2073 sed
1548 2007 1969 2130 reprpbatmn.
2038 2022 2315 2102 persunt.
3599 2027 3610 2036 “

394 2103 574 2191 Ergo
609 2109 745 2192 Jam
789 2114 918 2172 tum
961 2128 1069 2192 aes
1110 2108 1180 2174 in
1226 2109 1492 2176 Graecia
1541 2109 1773 2199 respici
1826 2109 1969 2176 cde·
2359 2157 2370 2162 -
2463 2169 2471 2175 .
3211 2171 3224 2202 x
3277 2163 3290 2180 .

393 2215 667 2293 ptum.
650 2208 1051 2277 Enimvero
1101 2209 1457 2298 complures
1514 2210 1816 2279 habemus
1869 2233 1970 2279 ae-
2300 2265 2304 2270 .
2531 2217 2659 2283 ΕΡ
2673 2217 2938 2283 oGHA
2991 2190 3113 2285 m.

392 2329 560 2376 neos
611 2309 931 2394 Amyntae
982 2333 1245 2481 ιιιὶιιιοε,
1317 2312 1425 2399 qui
1476 2313 1835 2418 Philippum
1887 2315 1968 2382 II.
2037 2373 2137 2443 Ab
2172 2329 2353 2436 m
2392 2370 2662 2453 PWW
2703 2370 2790 2435 Π
2837 2393 3040 2458 m
3076 2373 3162 2437 ad
3207 2393 3401 2446 m
3441 2395 3612 2441 m

393 2433 1195 2606 promusque
1247 2519 1477 2586 modus
1515 2519 1651 2587 fere
1706 2520 1790 2588 ad
1832 2541 1971 2588 eam
2224 2495 2343 2540 ⁸⁰⁶
2382 2473 2735 2556 mpubm
2772 2451 3080 2542 m
3119 2483 3402 2558 mm
3562 2481 3582 2495 ὀ

396 2615 669 2700 aceedit,
739 2640 925 2738 quam
979 2617 1261 2706 diximus
1308 2622 1501 2691 fuisse
1557 2623 1844 2714 epochae
1895 2625 1969 2706 I.,
2209 2626 2364 2696 Tria
2450 2624 2697 2691 circiter
2781 2623 3033 2691 saecula
3099 2607 3262 2692 haec
3332 2626 3600 2715 epocha,

262 2735 292 2781 τ
396 2729 465 2787 et
511 2724 651 2806 jam
713 2723 948 2788 sensim
1008 2728 1317 2792 literam
1356 2725 1573 2807 forma
1634 2737 1863 2794 novae
1898 2748 1970 2793 se
2018 2749 2198 2818 quae
2269 2747 2456 2795 aurea
2517 2728 2668 2794 artis
2735 2711 3016 2796 Graecae
3082 2737 3255 2796 aetas
3326 2728 3606 2816 putanda
3736 2757 3746 2768 ·

394 2824 633 2890 rationi
672 2822 1162 2894 adcommodare
1212 2827 1460 2916 incipit,
1513 2851 1574 2896 v.
1617 2850 1678 2917 g.
1722 2832 1811 2895 H
1846 2850 1967 2917 pro
2037 2842 2164 2914 est,
2233 2829 2689 2918 complectitur.

395 2928 471 2992 E
502 2923 725 3013 longo,
767 2927 836 2993 Ω
878 2948 1001 3017 pro
1047 2935 1102 2995 Ο
1126 2926 1338 3016 longo
1383 2939 1501 2998 etc.
2208 2935 2546 3000 Metallum
2656 2930 2942 2998 Durante
3003 2932 3168 3015 auri,
3240 2933 3602 3022 argentique

572 3027 851 3096 Palu-m.
981 3029 1314 3099 Metallum
1380 3042 1564 3100 antea
1631 3031 1969 3118 globosum
2034 3055 2154 3108 usu
2196 3038 2334 3120 jam
2387 3032 2622 3121 passim
2688 3053 2824 3098 non
2875 3055 2918 3100 a
2971 3031 3322 3102 civitatibus
3379 3034 3598 3119 modo,

348 3148 531 3214 3οιιι
571 3152 647 3198 se
676 3132 883 3224 magis
916 3133 1221 3221 explicat,
1288 3137 1407 3203 etsi
1450 3134 1718 3201 crassius
1761 3133 1969 3202 adhuc
2035 3134 2151 3203 sed
2239 3144 2304 3202 et
2386 3135 2642 3222 reg-ibus
2726 3135 2974 3202 invecta
3058 3144 3313 3202 moneta
3385 3158 3597 3206 aenea.

388 3241 526 3313 est,
596 3251 782 3320 quam
818 3234 1133 3325 deinceps
1185 3237 1318 3303 erit.
1452 3234 1688 3303 Confer
1741 3257 1965 3325 numos
2036 3238 2272 3324 Causas
2316 3235 2603 3304 dedimus
2647 3258 2837 3325 supra
2878 3236 3083 3323 capite
3124 3207 3320 3304 VIII.

390 3351 645 3432 regum
652 3334 1103 3406 Macedoniae
1170 3348 1235 3408 et
1301 3337 1584 3420 Cariae,
1654 3338 1763 3428 qui
1821 3348 1967 3405 sunt
2034 3379 2043 3394 ι
2206 3342 2521 3423 Inscriptio
2576 3342 2709 3425 jam
2773 3338 3144 3428 productior
3197 3338 3429 3407 additis
3476 3341 3600 3410 fre·
3733 3363 3744 3374 ·

386 3434 583 3524 hujus
640 3438 957 3538 epochae,
1010 3451 1142 3507 tum
1200 3441 1665 3524 Syracusanos,
1719 3440 1964 3508 Messa·
2034 3449 2297 3532 que-nter
2355 3442 2748 3529 magistratus
2800 3441 3195 3526 nominibus,
3268 3429 3384 3518 scd
3440 3465 3599 3513 non-

390 3557 663 3621 nenses,
750 3540 1168 3625 Cyrenaicos,
1257 3542 1575 3633 aliosque,
1657 3537 1768 3632 qui
1851 3563 1967 3631 per
2036 3543 2191 3612 dum
2239 3564 2541 3633 expressa
2594 3548 2730 3632 ejus
2783 3545 3111 3645 dignitate,
3166 3567 3281 3628 ceu
3333 3548 3597 3616 archon·

222 3709 245 3726 ἧ
389 3638 611 3732 plures
686 3641 843 3710 alias
915 3667 1134 3713 causas
1206 3645 1389 3732 liujus
1460 3667 1603 3714 esse
1684 3646 1968 3755 epochae
2034 3648 2146 3730 tis,
2211 3649 2521 3737 praetoris
2576 3657 2693 3715 etc.
2823 3649 3161 3734 Prytanem
3210 3660 3421 3722 tamen
3472 3672 3594 3718 me·

388 3745 881 3833 comperiuntur.
967 3747 1230 3814 Nullum
1271 3750 1406 3833 jam
1436 3749 1521 3813 in
1571 3758 1750 3837 parte
1794 3749 1966 3818 aver·
2034 3760 2284 3818 morant
2326 3739 2678 3839 cistophori
2722 3751 3164 3840 Pergameni.

389 3867 473 3914 aa
524 3839 893 3936 quadratum
951 3851 1212 3939 turpiter
1261 3848 1481 3933 hians,
1556 3860 1664 3919 aut
1712 3851 1965 3920 incertis
2206 3855 2544 3923 latera-um
2583 3856 2803 3944 soma
2863 3854 3082 3923 eadem
3131 3830 3232 3922 est
3287 3875 3426 3922 cum
3477 3855 3595 3920 ho·

386 3947 583 4016 meis
608 3947 942 4045 divisum,
979 3951 1096 4020 sed
1137 3952 1204 4019 in
1256 3954 1393 4038 ejus
1434 3951 1643 4020 locum
1688 3953 1969 4022 succedit
2035 3953 2322 4039 dieras,
2312 3980 2496 4026 οιιιιι
2544 3959 2784 4025 Graece
2834 3957 3192 4040 scribimus,
3262 3956 3396 4024 sive
3448 3957 3597 4044 quia
3641 4005 3660 4016 -

340 4053 623 4141 'typum
708 4039 830 4121 etsi
893 4076 1085 4160 saepe
1148 4049 1484 4143 quadrato,
1572 4064 1758 4143 atque
1821 4056 1969 4122 huic
2031 4080 2187 4148 prae
2243 4060 2615 4142 venustiore,
2690 4069 2756 4126 et
2807 4080 2912 4143 ea,
2988 4079 3147 4148 quae
3209 4067 3422 4125 secuta
3474 4065 3591 4139 est,

385 4173 847 4243 nonnunquam
923 4147 1207 4244 duplici,
1260 4155 1572 4240 inclusus,
1644 4159 1967 4226 remanen-
2033 4160 2230 4247 magis
2274 4160 2540 4248 placuit,
2593 4161 2730 4228 sive
2772 4151 2951 4249 quia',
3016 4159 3189 4250 quod
3251 4182 3291 4226 a
3333 4159 3604 4240 Graecis

380 4255 564 4326 tibus
614 4258 905 4326 nimirum
960 4259 1173 4353 operis
1224 4260 1447 4348 prisci,
1503 4258 1619 4327 sed
1659 4264 1792 4346 jam
1837 4260 1964 4328 cul-
2002 4260 2153 4329 hac
2239 4271 2443 4330 aetate
2527 4262 2918 4332 factitatum
2889 4311 2911 4348 ,
3024 4272 3287 4353 propter
3372 4263 3595 4340 artium
3675 4313 3692 4328 .

254 4409 269 4414 -
382 4358 609 4444 umis,
696 4359 1029 4447 vestigiis,
1083 4359 1257 4451 quod
1319 4372 1753 4449 argumentum
1810 4363 1961 4432 loco
2032 4364 2311 4432 omnium
2395 4363 2883 4452 perfectionem,
3016 4365 3364 4434 communis
3435 4365 3591 4452 J‘am,

384 4481 587 4551 nepe
637 4459 897 4530 laudato
949 4463 1263 4552 eleganter
1328 4485 1403 4530 ac
1461 4464 1686 4532 ordine
1740 4474 1962 4534 tracta·
2029 4487 2235 4554 neque
2295 4466 2447 4536 loco
2504 4469 2816 4537 movenda
2871 4468 2983 4537 lex
3035 4470 3249 4538 evasit.
3387 4468 3592 4554 Hujus

384 4564 497 4632 vit
553 4563 1055 4650 Barthelemyus.
1181 4565 1519 4650 Percurre,
1608 4569 1718 4656 qui
1801 4565 1965 4636 lianc
2030 4570 2216 4637 etiam
2269 4570 2405 4638 aevi
2459 4569 2780 4644 character
2831 4573 3217 4644 certissimus
3273 4580 3419 4641 sunt
3458 4592 3591 4638 non

461 4671 627 4770 (7⁰¹⁴.
654 4683 783 4749 Ι.)
3162 4699 3196 4744 ε
3291 4733 3300 4738 -
