4450 5542
1659 434 2585 612 CAMPANIA.

451 617 778 756 Graecis,
831 685 916 742 an
968 674 1227 741 contra?
1314 670 1778 742 Hancarvillins'
1821 657 2048 740 numos

383 822 404 837 ·
485 777 937 858 (asmancium,
1050 776 1431 872 aliarumque
1525 777 1890 844 vicinarum-
1950 796 2047 841 ur·

481 880 654 948 bium
701 882 896 961 Osce,
952 878 1086 946 sive
1129 879 1428 977 Etrusco
1433 872 1802 968 inscriptos,
1847 878 2049 964 signa·

405 1013 416 1019 ·
481 993 585 1052 tos
617 982 869 1065 adserit
908 975 1109 1048 murto
1152 971 1325 1063 ante,
1381 1002 1564 1071 quam
1607 982 1818 1070 lingua
1860 982 2049 1047 Grae·

482 1107 559 1153 ca
610 1086 679 1151 in
732 1086 1133 1173 Campaniam
1192 1093 1360 1152 esset
1415 1085 1679 1153 invecta.
1778 1083 1881 1149 Ex
1925 1102 2054 1169 quo

483 1188 679 1269 effici,
736 1188 969 1276 inquit,
1025 1208 1250 1253 numos
1294 1196 1515 1267 notos,
1572 1186 1681 1273 qui
1725 1185 2056 1252 Cumarum

484 1299 552 1359 et
603 1291 847 1357 Literni
899 1285 1156 1378 nemina
1204 1289 1403 1357 literis
1453 1289 1766 1355 Etruscis'
1796 1290 2054 1371 conjun-

345 1393 364 1398 “
483 1402 665 1482 gunt,
728 1401 1180 1476 monumenta
1171 1413 1333 1458 esse
1384 1388 1707 1479 potentiae
1756 1391 2053 1457 Etrusco·

483 1515 637 1573 rum,
683 1504 748 1561 et
790 1517 980 1561 cusos
1025 1517 1105 1561 eo
1149 1505 1452 1581 tempore,'
1497 1516 1625 1582 quo
1667 1493 1736 1559 hi
1778 1493 1846 1558 in
1878 1491 2056 1557 Cam·

483 1616 690 1702 panos
743 1577 1227 1674 dommabantur
1241 1646 1261 1681 ,
1329 1606 1395 1664 et
1459 1598 1731 1685 probare
1745 1644 1765 1678 ,
1831 1603 2056 1662 utram·

487 1684 611 1787 qu'e
665 1700 884 1796 urbem
942 1697 1288 1782 exstitisse,
1351 1709 1682 1788 antequam
1724 1695 2058 1765 Euboeen-

485 1819 590 1868 ses
641 1801 716 1868 in
763 1802 1006 1869 Italiam
1059 1802 1466 1891 appellerent.
1565 1802 1746 1869 Haec
1783 1801 1881 1868 vir
1922 1793 2057 1866 er'u-

486 1902 654 1976 ditus
685 1904 760 1990 ⁸.)
847 1905 1312 1972 Euboeensium
1349 1906 1418 1970 in
1460 1903 1626 1969 hanc
1668 1923 1876 1968 oram
1885 1905 2053 1970 com-

385 2085 394 2096 ἱ
487 2006 774 2091 migratio
838 2007 907 2071 in
976 2011 1266 2094 tempora
1315 2007 1610 2104 Trojana
1649 2004 1902 2085 incidit,
1987 2012 2056 2069 ιιι

483 2108 631 2196 ipse
670 2129 754 2174 ex
796 2101 1058 2212 Velleio
1095 2107 1365 2175 conficit.
1437 2096 1594 2174 Sed
1636 2108 1801 2173 enim
1841 2105 2054 2173 multis

490 2201 970 2277 conflictabitur
1038 2209 1543 2294 difficultatibus,
1639 2211 1697 2276 si
1777 2209 2056 2297 probare

394 2356 404 2368 ·
491 2311 812 2391 institerit,
877 2311 1051 2400 qupd
1117 2312 1534 2402 probandum
1579 2320 1713 2379 erat
1765 2312 2055 2406 maxime,

349 2461 362 2476 .
495 2435 574 2480 ea
604 2417 752 2499 jam
781 2423 981 2480 aetate
1020 2424 1314 2480 monetae
1353 2436 1534 2482 usum
1586 2413 1809 2496 fuisse,
1871 2423 2058 2501 atque

492 2515 680 2582 etiam
739 2537 878 2581 cum
943 2516 1072 2582 hoc
1123 2517 1531 2605 probaverit,
1569 2515 1843 2603 urgebit
1901 2515 2058 2581 diffi-

489 2617 692 2685 cultas
759 2617 890 2683 alia
948 2639 1147 2706 aeque
1209 2620 1446 2719 gravis,
1515 2619 1678 2688 sitne
1734 2616 2058 2699 credibile,

494 2720 778 2808 potuisse
833 2718 914 2785 ad
967 2729 1247 2788 nostram
1291 2727 1488 2809 usqu'e
1528 2732 1792 2790 aetatem
1836 2720 2062 2810 durare

494 2822 633 2889 aevi
718 2831 846 2889 tam
921 2824 1164 2890 remoti
1227 2833 1644 2892 monumenta.
1777 2822 2062 2910 Denique

495 2925 636 3013 ipsa
715 2945 1049 2992 numerum
1134 2924 1400 3008 fabrica,
1490 2947 1651 3014 quae
1718 2924 1787 2990 in
1859 2925 2061 2990 numia

499 3028 759 3094 Graecis
845 3027 1095 3115 Capuae
1176 3038 1240 3095 et
1312 3029 1639 3094 Cumarum
1723 3027 2061 3093 remotissi-

385 3185 398 3190 -
431 3204 461 3221 ἦ
495 3148 662 3193 ιιιιιιιι
707 3141 926 3196 aevum
967 3130 1163 3220 sapit,
1197 3131 1435 3196 nnmis
1482 3130 1701 3211 Oscis,
1770 3150 1845 3194 ac
1887 3150 2064 3216 prae·

2101 2719 2461 2806 ⁴tiquiorem
2529 2718 2805 2788 adseruit
2834 2718 2905 2802 ').

2128 2842 2309 2893 suum
2383 2843 2638 2887 numum
2704 2823 3036 2912 Etruscum
3107 2826 3501 2894 i'erisimilius
3560 2848 3723 2898 non.
3824 2837 3833 2846 “

3412 571 3433 590 ,
3540 491 3761 580 121Ι

2118 692 2358 740 summe
2430 651 2689 738 doctus
2728 670 3023 757 Ignari-a,
3109 637 3498 776 nequaquam
3568 668 3682 736 do·
3758 641 3793 676 ⁸
3850 625 3915 686 κ’

2117 776 2351 854 cuisset
2392 777 2475 854 ·,)
2544 793 2770 840 numos
2828 771 3166 860 inscriptos
3178 762 3775 840 SIETWIE

2118 882 2262 944 esse
2313 877 2696 966 antiquiores
2747 876 2952 946 numia
3006 873 3262 940 nomine
3303 872 3707 944 Posidoniae·

2117 980 2382 1061 notatis,
2471 1000 2615 1044 nam
2674 973 2977 1064 utresque
3040 997 3266 1043 numos
3310 978 3484 1046 vario
3532 985 3685 1044 tem-

2120 1101 2323 1171 pore
2346 1080 2516 1169 apud
2582 1080 2747 1145 hanc
2792 1079 3038 1145 urbem
3101 1057 3380 1166 sig‘natos
3452 1080 3686 1162 statuit,

2123 1186 2217 1250 sic
2267 1192 2338 1256 ιιι
2392 1205 2469 1266 ea
2511 1180 2695 1263 urbs,
2760 1201 2899 1246 cum
2941 1173 3114 1248 illam
3159 1183 3367 1268 adhuc
3404 1187 3690 1251 tenerent

2121 1286 2480 1370 Tyrrheni,
2592 1271 2901 1350 diceretur
2984 1286 3356 1365 Patavium,
3458 1284 3690 1356 deinde

2117 1387 2222 1456 his
2286 1411 2325 1454 a
2385 1386 2696 1470 Sybaritis
2760 1364 2995 1453 exactis
3064 1388 3337 1454 Graece
3355 1389 3686 1458 Ponam

2121 1491 2260 1559 Eos
2311 1490 2595 1579 appello,
2661 1489 2775 1576 qui
2820 1510 2902 1554 ex
2928 1487 3144 1578 longo
3187 1512 3305 1556 usu
3348 1490 3430 1557 de
3472 1513 3688 1559 namo·

2122 1616 2261 1662 rum
2346 1593 2519 1660 varia
2601 1591 2969 1679 antiquitate
3055 1593 3509 1664 confidentius
3539 1616 3688 1682 pos·

2124 1704 2272 1764 sunt
2320 1695 2640 1773 arbitrari,
2695 1694 2987 1760 ausui-ine
3027 1695 3153 1761 sint
3194 1706 3523 1782 argenteos
3566 1699 3688 1767 hos

2123 1783 2415 1866 numulos
2459 1800 2592 1865 sive
2633 1798 2930 1877 Etrusce‚
2976 1798 3108 1866 sive
3139 1799 3309 1866 Osce
3350 1800 3711 1920 inscripto-s·

2122 1901 2357 1966 numia
2377 1900 2509 1967 illis
2561 1899 3008 1988 antiquissimis
3050 1901 3315 1985 incusis,
3384 1912 3448 1969 et
3487 1904 3687 1969 nomi-

2121 2023 2205 2068 ne
2261 2005 2346 2069 11
2345 1989 2499 2069 OM
2550 2001 2619 2070 id
2677 2014 2804 2070 est:
2891 2005 3276 2084 Postumus,
3342 1991 3690 2094 insignibus

2121 2101 2499 2194 praeferre?
2604 2105 3064 2192 Guarnaccius,
3161 2108 3327 2195 qni
3354 2111 3735 2194 generatim‘
3828 2115 3837 2122 ”

2124 2228 2387 2296 quoque·
2418 2229 2643 2276 numos
2686 2210 2987 2282 Etruscos
3031 2210 3365 2298 Oscosque
3405 2211 3678 2301 praesta·

2123 2331 2194 2377 re
2263 2310 2519 2386 Graecis
2587 2320 2789 2382 aetate
2852 2309 3091 2393 sanxit,
3166 2326 3532 2401 comparato
3574 2336 3689 2382 nup

2126 2433 2239 2492 ιιιο,
2278 2411 2675 2480 Herculanei
2710 2414 3034 2508 ‘inscripto
3086 2414 3353 2482 Etrusce
3394 2417 3693 2484 HRGVL

2127 2536 2269 2581 cum
2356 2514 2615 2581 Graecis
2718 2514 3002 2601 ejusdem
3108 2517 3281 2585 urbis
3377 2519 3692 2611 inscriptis

2126 2617 2754 2700 ΗΡΑΚΛΗΙΩΝ,
2797 2617 2974 2685 ἰΙῙιιιιι
3016 2618 3116 2688 his
3159 2621 3358 2689 multo
3403 2645 3546 2691 esse
3582 2626 3691 2691 ah-

3036 2722 3125 2789 Vt
3186 2724 3454 2808 mittam,
3525 2725 3694 2794 hunc

2128 2943 2273 2990 esse
2327 2921 2752 3004 ‘Herculanei,
2818 2933 2889 2989 ut
2953 2921 3035 2989 ad
3098 2924 3262 2991 hanc
3323 2929 3697 3016 Campaniae

2129 3023 2347 3090 urbem
2404 3024 2696 3116 proxime
2754 3025 3142 3105 monuimus,
3214 3028 3384 3095 istud
3440 3042 3712 3117 certum,

2130 3146 2357 3192 numos
2431 3127 2746 3206 Graecos,
2823 3147 2985 3214 quos
3043 3126 3285 3213 laudat,
3356 3131 3695 3223 inscriptos

500 3230 684 3317 cipue
771 3230 1086 3298 Nuceriae
1169 3241 1236 3297 et
1303 3231 1505 3304 Teani
1576 3251 1692 3318 per
1763 3251 2065 3300 summam
2130 3228 2760 3309 ΗΡΑΚΛΗΙΩΝ,
2836 3229 2916 3296 ab
2983 3231 3275 3308 omnibus
3337 3205 3761 3323 insignions'.
3870 3239 3875 3250 ,

498 3330 866 3428 elegantiam
950 3331 1301 3427 Alexandri
1385 3332 1512 3400 Μ.
1569 3353 1726 3399 aevo
1816 3331 2065 3418 dignam
2130 3338 2323 3396 notae
2401 3331 2762 3418 antiquariis
2838 3331 3027 3399 tribui
3093 3332 3439 3402 Heracleae
3502 3338 3697 3410 Luca·

497 3433 699 3499 multo
772 3435 1082 3501 recentius
1145 3415 1352 3522 palam
1403 3433 1807 3514 testantibus,
1867 3433 2065 3504 abun·
2131 3432 2306 3513 niae,
2367 3431 2586 3500 saltem
2655 3455 2693 3501 a
2754 3434 3004 3501 nemine
3063 3435 3464 3506 Herculaneo
3520 3442 3696 3524 Cam-

504 3532 590 3600 de
629 3533 839 3628 docet,
883 3558 922 3601 a
963 3536 1175 3622 lingua
1220 3535 1461 3603 Graeca
1504 3536 1571 3601 in
1607 3537 1863 3603 Oscam
1881 3533 2067 3602 defle—
2134 3535 2375 3623 paniae.
2475 3536 2685 3604 Nemo
2738 3537 2928 3606 velim
2971 3538 3261 3642 miretur,
3318 3557 3381 3607 a
3405 3544 3558 3612 viris
3600 3546 3698 3614 his

501 3649 708 3718 xum,
750 3639 884 3704 sive
947 3637 1308 3725 indigenae
1333 3639 1503 3705 Osci
1552 3628 1740 3704 urbes
1795 3638 2096 3705 Graecas
2136 3636 2397 3704 eruditis
2472 3648 2646 3707 tanta
2716 3641 3025 3709 nunciati
3071 3619 3166 3708 rei
3240 3645 3726 3716 numismaticae‘

501 3738 652 3805 nbi·
668 3721 992 3826 paullatim
1034 3741 1394 3826 subjecere,
1441 3740 1574 3806 sive
1617 3737 1792 3827 quod
1830 3748 2074 3806 veteres
2135 3739 2436 3816 Etruscae
2517 3740 2839 3829 prodigia,
2927 3765 3065 3809 cum
3145 3743 3336 3811 iidem
3412 3748 3719 3819 adserere.

506 3841 725 3908 coloni
759 3843 986 3909 Graeci
1028 3863 1143 3929 per
1184 3843 1443 3929 longum
1486 3861 1626 3907 cum
1667 3837 1854 3922 Oscis
1894 3863 2074 3909 usum
2139 3862 2275 3910 non
2338 3840 2785 3928 dubitaverint,
2873 3867 2913 3912 a
2980 3845 3193 3933 lingua
3253 3847 3518 3919 Etrusca
3574 3852 3700 3920 for-

505 3926 744 4032 patrios
840 3964 1049 4028 mores
1127 3943 1224 4009 ac
1324 3943 1599 4029 linguam
1685 3935 2072 4026 dedidicere,
2139 3953 2367 4010 matam
2430 3947 2692 4033 primum
2761 3949 3094 4031 Graecam,
3162 3946 3393 4017 deinde
3456 3964 3519 4021 et
3582 3955 3701 4028 La-

489 4045 688 4170 quod
769 4045 854 4113 de
934 4044 1228 4111 Cumanis
1299 4043 1532 4116 diserte
1601 4044 1793 4114 tradit
1847 4046 2074 4112 Velle-
2139 4046 2364 4136 tinam,
2428 4058 2592 4116 artes
2660 4070 2878 4116 omnes
2942 4048 3023 4116 ab
3088 4048 3339 4124 Etruria
3387 4055 3455 4121 in
3512 4043 3701 4125 Gra‘e-

495 4152 604 4234 jus
643 4146 732 4235 ““)·
879 4150 1172 4216 cimmo
1275 4149 1433 4213 oxa
1517 4153 1764 4214 undavit
1844 4153 2074 4215 vtcmt‘a.
2142 4150 2300 4214 ciam
2363 4146 2596 4231 illatas,
2663 4160 2737 4217 et
2784 4172 2945 4238 quae
3004 4158 3152 4220 sunt
3211 4150 3396 4241 huJus
3455 4179 3703 4246 genem
3756 4207 3767 4214 ,

507 4252 716 4394 Quem
769 4249 982 4317 loom
1032 4249 1088 4316 si
1142 4242 1494 4382 adeun-atius
1535 4247 1941 4337 expendisset
1981 4251 2076 4319 vir
2109 4257 2434 4339 portenta
2482 4251 2609 4318 alia
2659 4252 2848 4321 fidem
2901 4255 3290 4358 superantia,
3364 4268 3547 4351 quam
3586 4279 3703 4354 po·

1368 4395 1892 4442 -————=:——-—⁵—-—--

601 4486 1099 4556 ‘ei-‚woman
1134 4485 1512 4540 imflammat»
1500 4473 1894 4562 'lt-..lpkf

646 4567 1586 4638 s)0=i.-31n.1'·.111..9225.j

523 4652 846 4722 (120121.)

2033 4484 2343 4580 ι)ι...ι,.
2375 4480 2424 4542 4.
2534 4488 3307 4568 Η.)ιι’.ιιι..,,..,ραει

3106 4680 3365 4770 ,0,
