4450 5542
12 3201 23 3386 ἡ-Ἴ

2153 279 2175 332 Χ

1577 516 1634 588 C
1682 515 1742 586 Ἀ
1797 516 1857 586 Ρ
1909 516 1976 584 V
2029 516 2094 588 T
2198 516 2490 592 xvm„
3012 514 3021 524 ’
3295 539 3300 546 ·
3508 513 3680 594 ειιι”

399 699 569 774 quas
610 687 869 770 peracto
913 696 1110 766 opere
1162 671 1390 746 diurno
1447 686 1988 767 repraesentarent

402 782 771 873 praefecto,
857 780 1031 849 velut
1095 779 1338 852 indices
1411 781 1658 850 locatae
1731 803 1985 870 operae,

316 891 474 960 οι
528 896 828 975 quantum
888 881 1154 972 rependi
1208 884 1288 951 iis
1342 895 1651 974 oporteat.
1748 887 1851 951 Ex
1887 887 1986 952 si·

400 989 542 1056 mili
611 1011 802 1058 causa
858 997 1081 1055 nostro
1148 1007 1402 1077 quoque
1467 1011 1626 1057 aevo
1678 990 1745 1054 in
1798 988 1986 1056 variis

396 1092 734 1164 hominum
835 1090 1301 1158 societatibus
1342 1092 1584 1180 porrigi
1680 1101 1983 1176 tesseras,

403 1215 571 1286 quas
643 1193 817 1263 Galli
886 1194 1164 1263 meaux
1235 1193 1586 1281 appellant,
1674 1203 1739 1263 et
1822 1215 1984 1282 quae

398 1297 513 1365 vel
534 1317 797 1386 ,scupro,
871 1298 978 1365 vel
1038 1297 1331 1385 plumbO,
1406 1298 1510 1364 vel
1564 1298 1836 1378 charta,·
1881 1295 1984 1365 vel

401 1421 786 1491 quacunque
824 1400 951 1478 alia
993 1399 1250 1467 materia
1293 1409 1603 1468 constant.
1693 1398 1996 1470 Eundem

308 1509 331 1516 ²
394 1504 507 1571 his
562 1503 767 1571 numis
818 1525 1000 1570 usum
1055 1504 1112 1571 si
1168 1500 1483 1584 dabimus,
1550 1502 1731 1569 facile
1785 1504 1995 1592 expli<

398 1615 615 1674 αιιιιιιι
667 1605 745 1672 iri
786 1626 1037 1674 causam
1082 1597 1348 1673 duorum
1391 1604 1494 1674 vel
1536 1607 1723 1673 trium
1765 1607 1982 1674 inxeo·

396 1708 551 1776 dem
593 1730 788 1776 numo
831 1710 1153 1831 signorum
1194 1710 1574 1776 incusorum.
1632 1709 1789 1782 ,Etsi
1818 1709 2031 1778 enim

396 1834 630 1880 nmnns
682 1833 814 1879 uno
858 1815 996 1898 jam
1050 1811 1234 1898 signo
1278 1820 1530 1880 notatus
1573 1811 1721 1893 fuit,
1776 1812 1983 1899 potuit

396 1914 560 1983 addi
594 1911 917 1996 alterum,
1007 1916 1159 2003 quin
1224 1924 1288 1981 et
1353 1914 1636 1996 tertium,
1724 1918 1983 2004 eJusque

393 2019 470 2085 in
516 2035 706 2085 eausa
746 2017 988 2086 intenta
999 2021 1267 2086 tantum
1310 2016 1530 2086 haberi
1582 2017 1764 2084 ratio.
1853 2019 1983 2086 Ex-

394 2121 628 2213 plieari
679 2123 862 2204 item,
924 2143 1036 2196 cur
1091 2121 1367 2192 Romani
1416 2128 1706 2204 monetae
1760 2125 1984 2188 aureae

396 2235 475 2293 et
492 2233 844 2312 ’argenteae
884 2224 1298 2314 pepercerint.
1377 2223 1502 2290 Cur
1529 2224 1698 2292 enim
1725 2243 1983 2291 necesse

396 2327 633 2395 fixisset
673 2326 1015 2394 deformari
1057 2335 1371 2398 monetam
1414 2326 1677 2415 pretiosi
1725 2323 1980 2409 metalli,

394 2453 548 2499 cum
591 2440 849 2498 moneta
890 2431 1133 2500 vilioris
1178 2417 1445 2499 eundem
1487 2431 1763 2519 potuerit
1803 2449 1984 2528 usum

392 2533 767 2624 praestare?
1149 2593 1155 2604 .

432 2637 449 2664 ⁸
578 2633 681 2704 En
748 2632 1071 2723 utriusque
1133 2635 1316 2704 Hviri
1372 2633 1541 2703 Galli
1603 2632 1686 2702 de
1748 2633 1982 2704 incusis

394 2750 698 2807 umnetae
757 2738 1085 2808 Romanae
1138 2739 1332 2825 signis
1377 2738 1648 2824 judicia,
1716 2759 1981 2826 quorum

392 2841 672 2909 alterum
723 2840 1109 2908 Mahudelii
1130 2842 1431 2910 infirmius
1491 2851 1617 2924 est,
1676 2863 1860 2930 quam
1913 2851 1982 2908 ut

396 2943 751 3033 adprobari
812 2964 1007 3032 posse
1067 2943 1385 3027 videatur,
1473 2945 1734 3012 alterum
1794 2943 1980 3012 Boz'ii

396 3045 800 3136 probabilius
855 3056 1054 3129 certe,
1110 3056 1189 3112 et
1229 3048 1332 3114 cui
1382 3068 1703 3116 accessere
1758 3046 1979 3114 Flore-

394 3171 549 3218 mus
570 3148 671 3236 ⁸),
756 3149 1038 3238 variique
1103 3139 1240 3231 alii,
1334 3153 1469 3237 ejus
1532 3159 1741 3216 tamen
1806 3159 1979 3217 natu·

260 3255 275 3260 ”
390 3274 539 3334 rae,
594 3262 667 3320 ut
714 3255 850 3338 ejus
906 3253 1190 3320 meritum
1243 3253 1409 3322 intra
1465 3255 1863 3337 conjecturae
1905 3249 1980 3319 li-

395 3355 585 3426 mnes
640 3356 1070 3444 conuneatur,
1132 3365 1354 3422 nostra
1404 3375 1559 3423 vero
1613 3365 1815 3422 aetate
1844 3359 1979 3442 jam

392 3459 607 3528 minus
654 3455 938 3526 validum
991 3459 1075 3526 sit
1124 3468 1489 3547 propterea,
1564 3459 1710 3547 quia
1756 3461 1980 3528 omnia

394 3571 801 3648 argumenta,
890 3584 1055 3650 quae
1103 3563 1185 3630 ab
1238 3562 1473 3630 incusis
1526 3561 1694 3651 apud
1745 3562 1976 3634 Roma·

338 3654 363 3666 ⁸
397 3684 529 3732 nos
566 3664 728 3736 solis
771 3666 983 3733 aeneis
1027 3664 1227 3748 ducit,
1280 3675 1501 3783 suapte
1554 3665 1974 3750 collabuntur,

2054 679 2339 745 instituto
2406 678 2758 764 subjecere,
2849 678 3080 746 deinde
3141 647 3287 768 quia
3352 681 3434 748 ad
3497 682 3625 750 for-

2054 782 2284 848 manda
2340 779 2498 846 haec
2549 781 2728 868 signa
2767 781 2924 869 plus
2979 782 3330 870 dignitatis,
3362 786 3628 854 attulere

2052 885 2284 954 incusis
2360 884 2708 965 numinum,
2797 884 3223 973 principumve
3297 889 3625 975 capitibus,
3732 939 3738 954 .

2054 986 2272 1055 aliisve
2315 986 2538 1074 sigillis
2583 985 2820 1080 affabre
2874 989 3214 1058 elaboratis
3229 1038 3248 1071 ‚
3309 1012 3448 1057 cum
3491 992 3624 1058 Ro·

2052 1095 2376 1172 manorum
2442 1093 2621 1177 signa
2682 1091 3048 1179 plerumque
3119 1102 3358 1160 tantuin
3423 1092 3624 1162 literis

2052 1187 2340 1261 earumve
2382 1195 2651 1262 nexibus
2696 1203 3085 1275 constarent,
3130 1205 3199 1260 ut
3242 1194 3493 1262 dictum.

2222 1298 2541 1365 Successit
2595 1298 3035 1379 Pellerinius,¹
3069 1297 3178 1385 qui
3234 1297 3399 1364 binis
3458 1297 3622 1366 loeis

2052 1421 2227 1467 suam
2284 1401 2365 1468 de
2417 1401 2518 1468 his
2572 1403 2944 1469 sententiam
2987 1396 3385 1492 exposuit¹¹).
3467 1401 3627 1466 Exi·

2052 1505 2291 1584 stimat,
2346 1505 2623 1572 civitates
2679 1507 2956 1573 Graecas
2989 1503 3219 1570 ‘numis
3273 1512 3625 1572 exterarum

2053 1607 2370 1674 civitatum
2403 1595 2408 1602 ’
2443 1629 2568 1697 ope
2643 1607 3000 1675 commercii
3071 1606 3160 1672 ad
3227 1628 3299 1673 se
3365 1606 3621 1689 delatis,

2052 1733 2192 1778 cum
2237 1710 2408 1779 istud
2466 1734 2503 1778 e
2559 1732 2630 1778 re
2682 1711 2884 1778 visum
2938 1709 3084 1790 fuit,
3135 1709 3463 1778 arbitraria
3510 1711 3623 1775 im·
3727 1705 3734 1710 ⁴

2049 1814 2358 1901 pressisse
2384 1815 2607 1900 signa,
2664 1815 2889 1901 quibus
2932 1811 3342 1894 indicaretur,
3403 1834 3623 1880 eorum

2051 1939 2232 1983 usum
2292 1917 2489 1983 instar
2554 1926 2844 1984 monetae
2909 1915 3295 1984 domesticae
3363 1914 3620 2002 permis·

2050 2042 2206 2087 sum.
2287 2020 2595 2102 Causam,
2639 2042 2749 2087 cur
2789 2018 2958 2088 istud
3003 2020 3371 2105 conjiceret,
3418 2015 3644 2096 dedit,-

2051 2123 2197 2212 quia
2271 2142 2491 2189 revera
2560 2122 2862 2191 habemus
2934 2121 3257 2212 exempla,
3335 2122 3618 2190 Graecos

2049 2247 2181 2314 non
2224 2246 2473 2313 semper
2523 2231 2813 2316 monetae
2857 2248 3036 2310 suae,
3094 2226 3210 2294 sed
3263 2233 3327 2292 et
3379 2222 3621 2291 alienae

2051 2329 2120 2396 id
2172 2349 2371 2415 genus
2397 2323 2404 2328 ’
2426 2328 2604 2413 signa
2655 2328 2959 2397 intulisse.
3089 2323 3343 2398 Praeter
3391 2347 3619 2394 numos

2049 2433 2296 2512 varios,
2383 2451 2545 2518 qnos
2619 2429 2700 2495 ad
2769 2430 2936 2497 hanc
3008 2451 3258 2498 causam
3320 2428 3618 2513 advocat,

2050 2532 2166 2602 sed
2209 2555 2343 2600 non
2387 2532 2538 2600 satis
2582 2531 2885 2616 idoneos,
2943 2533 3202 2601 exhibet
3253 2527 3446 2601 unum
3489 2531 3619 2602 He·
3713 2607 3718 2612 ⁴

2048 2635 2296 2704 racleae
2337 2633 2682 2722 cujuspiam
2725 2637 3027 2719 incertae,
3085 2637 3152 2703 in
3196 2640 3377 2723 cujus
3416 2636 3622 2704 antica

2051 2739 2241 2827 capiti
2313 2738 2648 2814 Commodi
2718 2739 3096 2828 insculptum
3167 2751 3266 2807 est
3341 2741 3620 2820 oAPA„

2049 2841 2223 2930 ergo'
2269 2865 2307 2910 a
2365 2842 2688 2909 Sardianis
2754 2852 3045 2910 monetae
3108 2847 3361 2910 exterae
3423 2841 3619 2908 inser-

2048 2955 2210 3027 tum,
2266 2954 2360 3026 et,
2413 2944 2589 3032 qued
2644 2945 2948 3033 sequitur,
3005 2966 3166 3026 non,
3222 2953 3296 3010 ιιι
3332 2946 3468 3029 qius
3513 2964 3616 3012 va·

2046 3047 2252 3114 lorem
2296 3055 2622 3132 augerent,
2687 3046 2804 3112 sed
2860 3056 2931 3113 ιιι
2985 3047 3080 3114 illi
3131 3044 3410 3114 valorem
3453 3045 3619 3116 intra

2048 3149 2205 3217 fines
2250 3169 2403 3215 suos
2444 3148 2850 3237 impertirent.
2886 3178 2889 3182 ’

2214 3251 2477 3318 Praesto
2544 3259 2690 3319 sunt
2750 3248 3070 3339 exempla,
3148 3270 3347 3339 eaque
3418 3248 3616 3317 multo

2047 3352 2438 3442 evidentiora
2457 3403 2476 3437 ,
2563 3354 2887 3448 signorum
2956 3364 3248 3422 monetae
3318 3363 3618 3422 externae

2045 3457 2511 3545 impressorum.
2624 3457 2906 3525 Iudicavi
2978 3456 3132 3524 olim
3197 3480 3421 3527 numos
3486 3449 3617 3530 tres

2045 3582 2129 3627 ex
2214 3560 2545 3630 illustrium
2630 3559 3227 3632 tetradraehmorum
3312 3584 3572 3630 numero
3594 3611 3616 3644 ,

2033 3661 2208 3753 quos
2250 3663 2611 3764 frequentes
2655 3666 2981 3786 signavere
3024 3666 3272 3734 Sidetes
3302 3666 3616 3756 Pamphy·

392 3769 669 3860 rqiatis
732 3789 867 3837 non
928 3770 1143 3859 paucis
1207 3769 1442 3838 incusis
1503 3771 1843 3855 argenteis,
1908 3778 1978 3838 ιιι
2042 3766 2185 3837 liae.
2276 3770 2514 3837 Omnes
2563 3778 2696 3837 tres
2751 3771 2818 3837 in
2869 3780 3048 3856 parte
3090 3769 3294 3836 antica
3329 3770 3614 3836 incusum

394 3871 657 3948 ὡοιιιιι.

388 4051 622 4148 iim
664 4077 914 4159 attinet,
969 4099 1102 4145 ιιοιι
1141 4088 1329 4164 negat
1368 4077 1637 4157 Bonus,
1691 4080 1977 4165 potuisse

310 4259 325 4268 ,
388 4177 481 4252 fin
530 4181 799 4248 indicari
840 4190 1096 4266 ‘auctum
1148 4181 1318 4247 numi
1361 4179 1670 4260 valorem,
1736 4202 1810 4246 ac
1851 4182 1976 4269 pri-

2042 3870 2282 3939 habent
2353 3893 2562 3940 arcum
2647 3883 2711 3939 et
2789 3872 3172 3960 pharetram,
3259 3870 3478 3938 addito
3545 3870 3612 3938 in
3729 3876 3734 3882 ’

578 3973 779 4057 Quod
847 3972 930 4042 ad
994 3973 1178 4062 signa
1238 3975 1623 4044 Graecorum
1680 3983 1976 4042 monetae
2043 3974 2268 4042 horum
2313 3998 2442 4046 uno
2485 3977 2854 4050 HEPTA„
2911 3975 2976 4040 in
3019 3967 3218 4042 altero
3263 3974 3504 4052 ΣΑΡ.,
3545 3974 3613 4042 in
3725 4003 3742 4016 =

2051 4079 2237 4148 tertio
2312 4080 2548 4157 TPA„
2636 4098 2795 4168 qnae
2866 4086 3012 4144 sunt
3082 4076 3288 4143 accisa
3337 4075 3613 4149 nomina

2050 4180 2370 4267 Pergami,
2457 4178 2775 4260 Sardium,
2877 4189 2942 4245 et
2995 4178 3362 4268 *Ti-allium,
3450 4201 3614 4269 quae

384 4303 573 4358 mm
633 4282 886 4372 quidem
937 4293 1303 4372 propterea,
1378 4285 1525 4372 quia
1577 4303 1709 4349 non
1762 4306 1975 4351 mone·
2042 4282 2216 4350 fuere
2260 4281 2447 4349 urbes
2487 4282 2849 4370 provinciae
2891 4281 3101 4349 Asiae.
3176 4283 3342 4350 Vide
3385 4305 3610 4352 numos

386 4395 529 4460 tn
570 4385 770 4454 modo
800 4379 1103 4471 'aeneam,
1160 4384 1280 4454 sed
1324 4395 1396 4453 et
1437 4395 1788 4473 argenteam
1831 4387 1977 4453 huic
2020 4386 2219 4476 ,ipsos
2262 4385 2330 4451 in
2371 4406 2513 4456 mea
2553 4384 2828 4472 Sylloge
2863 4386 2913 4452 1.
2925 4383 2971 4473 ἰ)
3060 4386 3469 4484 conjeceram
3520 4388 3611 4455 ibi

388 4635 399 4650 ·
510 4607 578 4680 3)
612 4579 764 4664 Med.
801 4608 868 4661 de
909 4607 1031 4679 Eup.
1065 4607 1129 4663 Τ.
1163 4610 1200 4662 1.
1235 4629 1284 4680 p.
1323 4610 1408 4663 83.

1549 4607 1614 4674 h)
1651 4608 1774 4662 ΜόΙ.
1809 4609 1852 4661 I.
1888 4610 1938 4679 p‘.
1980 4601 2092 4664 140.
2129 4607 2312 4679 Suppl.
2347 4607 2410 4660 Π.
2444 4628 2496 4679 p.
2532 4604 2616 4660 61.
2650 4628 2758 4679 seq.

2793 4543 3044 4566 ——-—‘-
3281 4543 3596 4553 ————-—-->ae

2894 4606 2941 4673 i)
2975 4625 3092 4677 pag.
3127 4602 3211 4663 4¹.
