4450 5542
2249 266 2284 280 ἀ

1508 450 2321 595 ]cA1>v=T-v.
2495 460 2504 475 ’
2711 590 2718 599 1
3015 566 3026 579 t
3397 525 3616 591 xm.

348 664 655 733 maximae
738 661 976 729 formae
1064 671 1274 729 essent
1361 663 1563 745 aurei,
1653 672 1717 729 et
1783 683 1916 731 non
1982 646 2051 727 in
2123 656 2487 727 munuscula
2550 661 2723 726 tenui
2779 661 3044 749 popell‘o
3101 635 3558 747 distribuenda,·
3584 742 3592 755 Ι

345 768 543 835 aenei.
618 763 831 845 Quis
840 765 1005 832 enim
1049 765 1169 833 sibi
1214 764 1604 853 persuadeat,
1649 762 1917 830 Hadria·
1987 784 2095 829 cur
2137 771 2312 831 tanta
2354 759 2661 847 elegantia
2713 760 3021 831 elaborati
3065 779 3239 851 sunt,
3299 790 3372 835 ac
3425 771 3564 879 qui·

344 889 529 937 num
566 866 934 934 munuscula
998 866 1143 935 vilis
1212 867 1451 935 metalli
1517 875 1624 934 aut
1697 864 1917 953 elargi-
1986 854 2160 947 dem,
2213 877 2284 934 ut
2336 865 2507 931 numi
2561 861 2860 953 duplicis
2890 867 3157 953 metalli,
3220 879 3434 939 tanta
3443 870 3562 939 so·

343 982 507 1052 tum,
567 980 677 1039 aut
717 968 1117 1069 acceptasse?
1200 969 1359 1050 Vel,
1414 950 1648 1059 inquit,
1703 969 1922 1039 inserti
1985 966 2204 1035 lertia?
2317 966 2514 1034 Forte
2578 987 2710 1034 ιιοιι
2776 970 3157 1058 magnopere
3222 971 3437 1057 fallar,
3505 975 3563 1041 si

345 1073 517 1140 fuere
588 1073 785 1159 signis
856 1069 1253 1152 militaribus,
1342 1094 1529 1161 quam
1600 1066 1914 1159 conjectu·
1985 1069 2365 1152 existimem,
2454 1077 2704 1137 senatus
2777 1074 3145 1141 auctoritate
3213 1073 3556 1157 fabricatos

342 1196 473 1242 ram
516 1173 734 1243 multis
769 1173 1078 1262 posthaec
1109 1171 1407 1273 adrisisse
1441 1175 1628 1242 video
1641 1172 1713 1263 ¹)
1767 1174 1914 1257 Vel,
1982 1172 2106 1239 hos
2171 1193 2428 1253 numos,
2494 1190 2633 1239 cum
2702 1193 2823 1260 pro
2898 1176 3293 1264 imperatoris
3355 1178 3560 1247 salute

341 1278 767 1367 prosequitur,
812 1277 1036 1363 signati
1079 1285 1223 1344 sunt
1265 1298 1453 1357 causa
1496 1276 1657 1360 festi,
1704 1276 1913 1345 solen·
1980 1285 2131 1342 vota
2182 1273 2438 1362 publice
2494 1273 2856 1361 conciperet
2907 1277 3045 1345 sive
3101 1300 3287 1346 causa
3330 1279 3554 1348 adven·

343 1381 577 1461 nitatis,
623 1376 1117 1466 congiariorum',
1163 1377 1619 1451 donativorum.
1708 1368 1914 1459 Quam
1980 1387 2117 1459 tus,
2178 1377 2313 1443 sive
2354 1374 2802 1464 profectionis,
2860 1379 2994 1461 sive
3037 1380 3365 1469 triumphi,
3427 1385 3560 1451 sive

343 1482 638 1572 equidem
697 1492 1078 1571 postremam
1154 1486 1603 1569 conjecturam,
1664 1481 1918 1573 quando
1989 1475 2168 1546 annis
2212 1479 2473 1566 singulis
2517 1490 2666 1567 post
2707 1480 3008 1550 kalendas
3035 1482 3380 1566 Januarias,
3426 1486 3559 1554 si've

344 1595 616 1655 certam
649 1606 899 1671 causam
961 1606 1046 1651 ex
1110 1585 1427 1653 veteribus
1505 1608 1721 1654 eruere
1788 1608 1921 1653 non
1989 1582 2369 1651 solennitate
2448 1602 2816 1672 quacunque
2902 1585 3053 1668 alia,
3144 1597 3562 1677 erogatosque

341 1709 714 1777 possumus,
812 1688 1088 1754 omnium
1169 1688 1439 1755 maxime
1522 1687 1920 1757 verisimilem
1988 1685 2242 1775 publice
2285 1687 2353 1751 in
2397 1706 2584 1752 omne
2626 1685 2948 1755 hominum
2990 1708 3219 1774 genus,
3278 1711 3352 1754 ac
3412 1711 3559 1778 pro-

342 1791 657 1858 existimo.
756 1788 969 1877 Atque
1025 1788 1109 1855 ad
1154 1796 1391 1859 'aureos
1452 1791 1626 1878 quod
1664 1794 1917 1881 attinet,
1986 1798 2205 1876 pterea
2231 1788 2621 1876 exquisitius
2676 1800 2740 1856 et
2781 1793 3019 1876 majore
3071 1812 3220 1857 cura
3273 1791 3558 1858 elabora-

343 1876 580 1961 certmn
634 1901 764 1975 est,
820 1892 1005 1979 hujus
1055 1893 1298 1960 metalli
1347 1915 1606 1976 numos,
1659 1894 1775 1961 sed
1828 1896 1915 1962 le·
1985 1900 2109 1958 tos.
2208 1892 2526 1970 Quocirca
2580 1912 2713 1956 ιιοιι
2769 1892 3020 1973 ιιιίιπιιι,
3080 1894 3138 1958 si
3192 1892 3370 1960 aenei
3422 1902 3556 1961 tan
3593 1970 3598 1979 ,

339 1995 534 2064 vioris
613 1988 830 2083 utique
901 1992 1243 2083 ponderis,
1317 1996 1511 2065 fuisse
1581 1998 1742 2064 inter
1813 2019 1914 2064 res
1983 2004 2114 2061 tum
2176 2003 2352 2074 sunt,
2416 1993 2594 2081 quia,
2657 2003 2730 2061 πι
2783 1993 2936 2061 alibi
2987 1940 3258 2079 dicetur,
3325 1999 3392 2064 in
3451 2020 3558 2067 aes

340 2096 640 2180 missiles,
692 2118 868 2215 quas
915 2119 1227 2187 spargere
1286 2101 1697 2203 imperatores
1760 2098 1935 2166 infe·
1982 2105 2220 2167 tantum
2273 2096 2515 2162 senatui
2571 2104 2854 2182 potestas
2895 2094 3038 2179 fuit,
3096 2107 3160 2164 et
3215 2101 3466 2168 omissa
3491 2102 3557 2167 in

339 2201 525 2268 tior-is
572 2201 713 2266 aevi
762 2201 830 2266 in
869 2221 1173 2288 processu
1228 2200 1471 2269 selenni
1514 2192 1911 2270 consuevere.
1981 2198 2081 2266 his
2122 2171 2486 2287 'plerumque
2525 2197 2770 2265 videtur
2812 2208 2967 2266 nota
3009 2201 3077 2267 S.
3127 2201 3229 2283 C.,
3286 2225 3369 2270 ne
3415 2226 3554 2270 cum
3629 2292 3636 2297 ·

342 2303 447 2370 Ait
500 2303 671 2369 enim
723 2301 1105 2373 Justinianus
1115 2302 1217 2389 ¹¹²):
1279 2308 1411 2372 Soli
1461 2326 1677 2372 aarum
1736 2327 1912 2387 ερατ·
1980 2310 2235 2369 moneta
2276 2308 2507 2366 temere
2550 2301 2970 2369 miscerentur.
3357 2316 3364 2329 ’

341 2428 483 2490 gere
556 2411 771 2473 dmum
832 2413 1108 2490 imperio,
1186 2413 1292 2473 cui
1357 2412 1475 2475 soli.
1534 2413 1710 2474 ειιαηι
1779 2408 1911 2473 co'n-
2150 2402 2211 2470 A
2255 2403 2556 2469 Romanis
2589 2403 2768 2469 hunc
2807 2426 3044 2471 morem
3089 2406 3380 2475 videntur
3425 2419 3558 2499 tra-

343 2519 597 2577 tenmere
654 2521 933 2592 praestat
977 2509 1279 2592 sor-tunae
1314 2509 1662 2594 fastigata.
1795 2512 1912 2575 Ar·
1979 2506 2154 2573 xisse
2209 2507 2450 2575 Graeci.
2544 2506 2795 2601 Etenim
2863 2507 3169 2591 obser-ve,
3239 2486 3558 2579 Hadriani

344 2624 637 2696 gem.
654 2636 825 2690 vm,
885 2616 1046 2696 quod
1100 2635 1237 2678 mox
1294 2624 1436 2695 post
1494 2633 1708 2679 aarum
1776 2635 1912 2695 pre·
1982 2608 2168 2675 etiam
2234 2618 2435 2679 aetate
2509 2607 2677 2694 apud
2744 2608 2867 2676 hos
2934 2612 3237 2680 maximae
3314 2614 3556 2682 formae

347 2720 721 2787 ιὲωιέιείιιωιη
778 2726 897 2792 εει,
964 2725 1071 2781 ει·
1091 2717 1230 2781 altis
1296 2716 1633 2782 consulibus
1697 2708 1923 2799 largiri
1984 2733 2218 2779 aeneos
2262 2712 2430 2780 feriri
2476 2711 2783 2799 coepisse.
2850 2713 3139 2785 Observo
3170 2717 3374 2800 etiam,
3415 2739 3554 2807 per

344 2820 573 2884 ᾰεσοιιε.
670 2815 744 2881 Si
797 2815 1051 2901 majoris
1102 2815 1275 2891 fuere
1325 2814 1661 2904 ponderis,
1732 2837 1935 2904 quam
1983 2813 2135 2884 inde
2190 2817 2257 2883 in
2310 2815 2409 2882 his
2459 2823 2699 2882 tantum
2763 2836 2982 2884 causas
3041 2816 3397 2904 religionis,
3460 2819 3553 2887 lu·

344 2928 419 2982 ut
476 2915 801 2985 missilium
864 2939 1005 2986 esse
1036 2918 1216 3007 ‚loco
1274 2919 1658 3006 potuissent,
1729 2917 1919 3006 digna
1986 2917 2333 3008 durumque
2377 2940 2451 2985 ac
2491 2920 2719 2986 rituum
2751 2940 3071 2987 sacrorum
3105 2921 3250 3015 agi..
3279 2922 3387 2986 Sic
3415 2942 3582 2987 cumr

352 3026 534 3084 certe
558 3017 743 3087 *fuere
780 3040 909 3102 res,
968 3042 1097 3111 qua
1145 3022 1459 3111 principes
1511 3038 1767 3091 suorum
1807 3020 1929 3089 aut*
1982 3021 2205 3105 Iones,
2271 3020 2568 3104 Bithyni,
2626 3019 2905 3088 Thraces
2959 3022 3436 3104 convenissent,-
3485 3031 3555 3090 ut

346 3117 580 3200 fidem,
654 3131 759 3188 aut
811 3143 1211 3211 quaecunque
1267 3122 1391 3190 alia
1442 3126 1665 3191 merita
1715 3110 1916 3197 remu·
1981 3123 2172 3191 rebus
2215 3124 2348 3190 suis
2390 3125 2456 3191 in
2502 3145 2829 3195 commune
2883 3123 3312 3206 consulerent,
3367 3122 3553 3192 offer·

342 3232 744 3306 uerat-entia,
818 3226 927 3312 qui
1006 3246 1147 3314 mps
1223 3224 1540 3313 hodieque
1618 3228 1687 3293 in
1763 3226 1913 3291 viris
1980 3235 2244 3313 rentque
2305 3225 2607 3292 sacrificia
2672 3245 2793 3313 pro
2855 3225 3131 3325 patriae
3153 3226 3385 3307 salute,
3471 3248 3553 3294 en

342 3325 731 3414 principibus
800 3326 1061 3397 obtinet.
1175 3327 1347 3413 Quin
1409 3336 1619 3394 narrat
1660 3328 1914 3414 Grego·
1982 3328 2096 3395 tibi
2150 3347 2376 3396 numos
2433 3326 2685 3395 maximi
2741 3325 3014 3407 moduli·
3031 3311 3170 3395 cum
3213 3328 3554 3419 epigraphe

340 3424 471 3497 rius
525 3428 951 3513 moriensis,
1021 3416 1443 3517 Chilpericum
1512 3450 1727 3518 regem
1794 3430 1927 3498 sibi
1980 3427 2145 3496 ΚῸΙ
2143 3427 2359 3496 NON
2409 3428 2737 3496 ΙΩΝΩΝ.
2779 3414 2883 3495 vel
2926 3429 3098 3497 :316
3110 3432 3408 3498 ΤΝΙΛΟ.
3451 3428 3555 3499 vel

343 3528 747 3601 ostendisse.
768 3536 996 3599 numos
1054 3553 1280 3599 aureos
1343 3531 1542 3599 librae
1606 3530 1915 3620 pondere,
1987 3528 2399 3600 ΘΡΑΚΩΝ.
2454 3535 2543 3598 At
2571 3531 2929 3618 cumprimis
2962 3530 3087 3599 huc
3120 3531 3354 3601 faciunt
3383 3534 3555 3602 numi

344 3652 508 3720 quos
563 3631 665 3713 illi
722 3631 899 3701 dono
964 3632 1217 3726 miserat
1256 3634 1379 3700 Ti.
1433 3633 1913 3717 Constantinus,
1983 3633 2456 3723 Philippopolis
2515 3633 2850 3703 Thraciae:
2907 3632 3286 3702 KOINON
3340 3636 3555 3717 θΡΑ-

338 3734 428 3817 is,
464 3728 610 3824 ·qui
669 3734 919 3804 Justino
984 3736 1065 3805 11.
1131 3746 1544 3821 successerat,
1613 3738 1685 3805 in
1739 3742 1918 3825 cujus
1985 3736 2206 3805 ΚΩΝ.
2267 3736 2965 3810 ΑΛΕΞΑΝΔΡΕΙΑ.
3021 3734 3354 3805 ΠΤΘΙΑ.
3414 3735 3556 3810 ΕΝ.

340 3856 471 3907 m
518 3846 703 3933 pujte
756 3848 890 3907 πει
938 3841 1075 3926 ejus
1129 3839 1520 3928 imperatoris
1585 3840 1916 3927 inscriptio
1989 3836 2707 3921 ΦΙΛΙΠΠΟΠΟΛΙ,
2782 3835 2954 3905 unde
3013 3837 3341 3921 docemur,
3405 3840 3554 3905 insi·

341 3950 409 4007 et
454 3950 694 4029 sapin,
772 3941 841 4009 in
911 3940 1134 4007 altera:
1191 3941 1546 4010 .GLOR1A
1625 3939 1916 4010 ROMA·
1978 3960 2140 4027 gnes
2185 3939 2308 4008 hos
2350 3941 2603 4008 maximi
2644 3938 2890 4008 moduli
2933 3962 3157 4010 numos
3188 3960 3324 4008 non
3358 3939 3553 4010 finisse

338 4040 711 4126 Nonum,
797 4052 863 4110 et
944 4052 1219 4131 typus:
1256 4043 1618 4134 quadrigae
1704 4044 1917 4111 trium-
1984 4043 2268 4131 signatos
2285 4091 2305 4126 ,
2361 4053 2431 4111 ut
2473 4052 2684 4110 essent
2721 4052 3040 4112 monetae
3059 4041 3412 4111 ordinariae
3451 4042 3546 4110 lo·

339 4144 572 4234 phales
602 4150 679 4228 ¹).
805 4144 908 4212 De
991 4146 1203 4214 aeneis
1286 4147 1593 4225 maximae
1677 4145 1917 4213 formae
1985 4167 2089 4228 co,
2175 4142 2291 4212 sed
2353 4145 2689 4211 occasione
2750 4147 2912 4213 acti·
2905 4146 3020 4214 -ibi
3082 4150 3432 4214 conventui
3467 4156 3557 4215 et

324 4238 668 4341 -ffleilius
718 4244 1043 4332 judicium.
1150 4249 1224 4315 Si
1287 4251 1451 4319 enim
1518 4248 1783 4317 cessisse
1847 4250 1916 4315 in
1982 4245 2312 4315 ludorum·
2291 4294 2312 4335 ,
2389 4266 2523 4311 non
2585 4247 2749 4311 enim
2827 4248 3192 4338 inscriptum
3261 4258 3360 4318 est
3426 4249 3574 4317 ‹DI--

340 4366 607 4419 mera
606 4347 963 4487 &dictinum
1023 4371 1137 4418 cur
1198 4373 1281 4419 ex
1335 4352 1449 4419 vili
1505 4349 1800 4420 metallo?
1858 4352 1913 4417 si
1980 4345 2774 4429 ΛΙΠΠΟΠΟΛΙΤΩΝ,
2844 4349 2961 4418 sed
3032 4341 3166 4418 GN
3234 4351 3557 4427 ΦΙΛΙΗ·

322 4630 347 4645 ‚
480 4566 1393 4644 nnwnrmvpm
1460 4565 2162 4641 m)n0211.132v1..§2
2249 4565 2646 4638 ..01=).11.v1
2648 4571 2753 4623 2.

404 4668 673 4739 (rad.)
1464 4675 1468 4679 *
1840 4700 1846 4707 ·
