4450 5542
312 668 341 677 ”’
380 676 508 743 aeri
560 676 803 761 Mdv
852 673 1172 744 Pertunda.

1621 508 2142 603 C‘APVT
2237 486 2369 583 Xi.
2871 468 2917 541 .'
3025 490 3030 493 ’
3363 520 3607 583 ἰιιι

1292 674 1369 742 In
1428 662 1739 742 marmore
1801 675 1961 742 Gne

378 779 495 846 teri
519 772 574 861 Ι’)
630 777 761 844 Μ.
773 777 1004 865 leius
1049 746 1277 845 dicitur
1313 776 1373 849 F
1375 776 1883 847 LATVRARIV
1887 778 1954 847 S

2031 671 2114 739 de
2192 671 2321 740 hoc
2394 680 2758 759 argumento
2830 671 3011 760 plura
3083 671 3251 761 apud
3315 672 3410 739 Cl.
3469 673 3602 747 Oli-
3695 636 3714 655 κ
3776 725 3785 745 .

2026 775 2275 857 vim-iu)
2363 774 2557 864 Atqui
2627 784 2689 843 et
2753 785 3034 864 repertas
3101 775 3298 844 fuisse
3359 776 3605 845 Romae

377 879 614 948 AVRI.
684 880 820 948 ET.
872 879 1295 951 ARGENTI.
1365 879 1834 949 MONETAR.
1897 890 1962 948 et
2022 877 2262 945 formas
2331 877 2611 964 lapideas
2697 878 3034 945 fundendis
3119 879 3220 945 his
3306 881 3604 969 ponderi·

375 982 527 1050 alibi
584 981 755 1070 apud
808 982 1078 1050 eundem
1096 988 1150 1063 ¹¹)
1209 981 1499 1070 leguntur
1558 982 1953 1051 MALLEA·

374 1084 687 1153 TORES.
721 1084 1190 1155 MONETAE.
1231 1086 1676 1154 CAESARIS.
1726 1087 1956 1153 Exem-

373 1187 479 1276 pla
534 1208 624 1254 ex
674 1189 833 1277 ipsis
890 1191 1094 1258 numia
1139 1198 1431 1257 monetae
1473 1190 1659 1258 flatae
1700 1211 1953 1285 percus-

372 1290 663 1379 saeipsi
712 1291 1035 1379 praebent
1072 1294 1243 1360 numi
1295 1295 1597 1381 inspecti,
1671 1302 1736 1360 et
1780 1292 1954 1360 dabi-

369 1415 503 1463 mus
538 1392 740 1462 inti-a.
808 1393 971 1470 Noti
1015 1395 1256 1466 denarii
1298 1397 1502 1486 gentis
1529 1397 1831 1465 Carisiae
1843 1396 1950 1464 ha·

372 1499 519 1567 bent
570 1498 645 1563 in
701 1518 827 1564 nna
877 1507 1057 1586 parte
1112 1508 1299 1588 caput
1352 1499 1659 1568 Monetae
1712 1502 1950 1588 scripto

366 1604 544 1688 juxta
602 1598 1030 1683 MONETA,
1097 1601 1171 1668 in
1226 1601 1422 1670 altera
1473 1604 1623 1672 artis
1677 1605 1817 1691 ipsa
1854 1603 1951 1671 in-

370 1711 771 1773 strumenta·
734 1749 754 1784 ,
824 1699 1117 1770 incudem
1130 1751 1150 1787 ,
1226 1704 1546 1787 malleum,
1621 1707 1960 1795 forcipem,

371 1805 597 1875 addito
672 1803 847 1893 pileo
925 1804 1224 1892 Vulcani,
1328 1829 1554 1896 nempe
1620 1811 1730 1898 qui
1801 1810 1950 1877 artis

371 1908 615 1979 fibrilis
658 1928 776 1975 rex
831 1918 895 1975 et
936 1926 1195 1997 praeses
1237 1908 1355 1977 fuit
1408 1896 1692 2037 babitus,
1764 1906 1952 2003 quo'r·

366 2032 501 2083 am
543 2012 827 2100 pertinet
864 2010 1031 2083 illud
1066 2011 1371 2121 Plauti-2)

430 2154 459 2163 -
540 2116 1081 2200 Massaba,
1131 2094 1959 2204 mmmmm

1078 2222 1398 2304 plumbeos.

529 2319 740 2388 Numi
802 2328 1045 2388 veteres
1115 2332 1224 2389 aut
1289 2334 1436 2390 sunt
1499 2320 1624 2390 fusi
1687 2332 1943 2406 tantum,

369 2435 470 2493 aut
506 2422 668 2507 fissi,
719 2420 969 2490 deinde
982 2426 1281 2510 percussi.
1354 2427 1457 2493 De
1500 2427 1779 2515 utrisque
1821 2428 1946 2493 sin·

366 2526 637 2616 gillafim
704 2523 1051 2613 agendum,
1142 2548 1271 2615 quo
1343 2536 1552 2597 tamen
1631 2530 1700 2594 in
1768 2544 1947 2616 argu·

344 2639 585 2713 ,mento
637 2630 839 2716 magis
906 2638 1045 2696 utar
1107 2623 1329 2723 alienis
1395 2632 1783 2720 praeceptis,
1845 2636 1946 2719 3ιι·

368 2730 678 2821 diciisque
729 2752 947 2799 eorum
958 2780 984 2837 ,²
1059 2733 1170 2821 qui
1224 2718 1537 2823 practicae
1622 2736 1770 2803 huic
1830 2736 1947 2803 arti

369 2838 673 2955 majorem
780 2832 1039 2954 operam
1149 2836 1616 2925 impenderunt,
1758 2861 1945 2928 qnam

372 2938 649 3028 propriis
701 2938 897 3020 meis,
986 2935 1219 3006 additis
1282 2950 1518 3024 tamen,
1604 2941 1715 3010 ubi
1782 2963 1944 3033 opus

381 3039 551 3122 etit,
656 3041 936 3123 monitis,
1057 3040 1728 3133 observationibusque
1744 3093 1763 3128 ,
1816 3046 1823 3049 “
1878 3054 1947 3112 ιιι

373 3143 603 3233 spa-o,
646 3162 776 3215 non
812 3140 1162 3212 inutilibus.
1329 3166 1335 3171 ·

548 3238 794 3314 Nmnos
889 3247 1119 3313 veteris
1211 3250 1351 3315 aevi
1440 3256 1679 3315 tannim
1768 3245 1945 3317 fusos

362 3346 537 3417 haud
604 3344 803 3417 dubie
865 3347 1197 3433 habemus,
1277 3371 1438 3439 quos
1501 3351 1665 3419 inter
1706 3338 1947 3417 -numel

365 3446 629 3521 undam
710 3472 854 3519 esse
915 3453 1397 3523 vetustissimam
1454 3462 1773 3523 monetam
1839 3461 1945 3520 aut

365 3554 459 3635 ἑο
526 3552 704 3620 dicta
765 3552 1052 3642 pondera
1130 3554 1518 3644 populorum
1581 3556 1945 3625 Italicorum

2021 980 2140 1047 bus
2186 980 2591 1079 destinatas,x
2616 979 2807 1047 refert
2850 979 3173 1048 Passerius
3203 981 3276 1068 t).
3365 984 3443 1050 In
3487 1004 3597 1050 nu-

2020 1084 2140 1150 mis
2194 1083 2350 1150 fusis
2404 1093 2582 1172 putat
2635 1084 2820 1151 etiam
2876 1084 2979 1153 Cl.
3040 1085 3349 1151 Beauvais
3404 1095 3599 1153 notos

2002 1186 2481 1276 Aegyptiorum
2542 1206 2767 1253 numos
2824 1188 3030 1274 gravis
3075 1187 3268 1268 aeris,
3329 1187 3398 1252 in
3443 1210 3598 1277 quo·
3669 1267 3675 1277 Ι

2019 1310 2158 1355 rum
2210 1291 2346 1356 ‘nna
2406 1298 2587 1378 parte
2665 1299 2763 1356 est
2828 1299 3038 1378 caput·
3076 1289 3596 1375 Ptolemaeorum,
3647 1316 3652 1321 ·

2022 1391 2414 1480 (praestabat
2481 1392 2721 1476 dicere,
2809 1391 2989 1459 Jovis
3060 1392 3463 1479 Ammonis),
3535 1403 3600 1461 et

2020 1515 2183 1583 quos
2282 1494 2569 1562 adfirmat
2659 1492 2964 1583 ponderis
3040 1493 3261 1579 loco,·
3333 1496 3598 1586 perinde
3691 1549 3707 1589 .·

2019 1607 2206 1686 atque
2264 1599 2521 1667 Italicos
2573 1597 2724 1667 illos
2772 1598 3000 1681 fuisse,
3071 1620 3277 1688 neque
3331 1600 3455 1666 nisi
3506 1597 3597 1666 fu·
3723 1624 3734 1629 ·

2019 1701 2221 1769 sionis
2308 1722 2439 1789 ope.
2494 1703 2780 1791 potuisse
2823 1701 3148 1797 fabricari,
3207 1702 3435 1790 quibus
3490 1700 3598 1769 ad-

2020 1801 2113 1871 dit
2196 1805 2530 1875 maximam
2614 1815 2855 1895 partem
2941 1824 3307 1886 numorum,
3434 1826 3597 1893 quos

2016 1905 2489 1975 Alexandrinos
2548 1929 2877 1990 vocamus,
2945 1907 3079 1973 sive
3133 1910 3400 1990 aeneos,
3463 1908 3598 1976 sive

2019 2011 2129 2099 qui
2169 2006 2368 2077 mixto
2410 2020 2669 2097 argento
2715 2009 2943 2097 (potin)
2990 2016 3301 2077 constant.
3397 2007 3598 2076 Addit

2014 2113 2165 2180 item
2251 2130 2478 2181 numos
2560 2114 2866 2182 Graece
2883 2114 3256 2209 inscriptos
3302 2102 3598 2179 coloniae

2011 2214 2419 2300 Antiochiae,
2540 2215 2923 2306 aliarumque
3021 2217 3325 2285 Graeciae
3419 2215 3594 2283 colo-

2012 2320 2282 2404 niarum,
2373 2319 2644 2409 denique
2728 2341 2811 2386 ex
2892 2319 3095 2391 numis
3161 2319 3403 2386 Latinis
3467 2339 3593 2385 ma·

2013 2423 2246 2491 ximam
2285 2424 2544 2510 'partem
2599 2444 2928 2489 numorum
2984 2422 3266 2489 Postumi
3325 2443 3406 2489 ex
3451 2443 3596 2491 aere

2013 2528 2066 2594 Ι.
2139 2535 2204 2594 et
2252 2525 2334 2599 II.
2388 2526 2645 2593 formae.
2750 2516 3022 2593 'Adserit
3085 2525 3298 2609 idem,
3366 2525 3592 2593 horum

2013 2626 2204 2697 fldem
2277 2650 2605 2697 numorum
2682 2650 3075 2718 nequaquam
3163 2651 3303 2696 esse
3327 2660 3342 2665 ’
3377 2649 3593 2716 suspe-

2021 2741 2238 2815 ctam,
2283 2753 2427 2799 nam
2489 2732 2674 2800 facile
2728 2733 3020 2799 convinci
3059 2726 3336 2800 'oculum
3390 2730 3598 2799 erudi·'

2018 2844 2150 2902 tum
2168 2885 2188 2918 ,
2285 2836 2448 2903 hanc
2546 2835 2772 2903 horum
2853 2857 3184 2902 numorum
3283 2822 3594 2905 fusionem

2018 2938 2249 3027 veteris
2294 2961 2434 3008 esse
2479 2940 2723 3027 operis,
2783 2961 2913 3005 non
2959 2938 3244 3006 moderni
3263 2944 3345 3026 ⁸).
3412 2938 3593 3005 Haec

2020 3045 2159 3128 ejus
2199 3043 2318 3109 viri
2353 3042 2591 3129 'dictata
2634 3043 2727 3109 sic
2769 3064 2911 3109 esse
2952 3064 3101 3110 vera
3140 3041 3466 3125 existimO,
3511 3050 3608 3108 ιιι.

2013 3153 2222 3211 tamen
2277 3144 2610 3212 dissentire
2662 3146 2728 3210 in
2785 3144 3108 3211 nonnullis
3150 3165 3358 3231 cogar.
3457 3142 3590 3210 Ne·

2016 3267 2139 3332 que
2191 3249 2356 3313 enim
2412 3248 2831 3335 persuaserit,
2890 3268 3138 3314 crassos
3192 3245 3373 3327 illos,
3428 3264 3589 3334 pon·

2015 3347 2307 3439 detisque
2382 3348 2712 3415 insolentis
2783 3370 3017 3416 aeneos
3086 3348 3589 3417 Ptolemaeorum

2011 3472 2240 3520 numos
2289 3452 2571 3536 fusione,
2628 3452 3071 3536 non-malleo,
3131 3453 3329 3521 fuisse
3372 3453 3586 3521 elabo-

2010 3563 2207 3625 ratos.
2231 3600 2264 3637 ι,
2322 3556 2488 3623 Nam
2531 3557 2799 3646 primum
2843 3558 2993 3648 'typi
3032 3558 3101 3624 in
3142 3555 3243 3625 his
3289 3579 3420 3626 non
3462 3567 3587 3625 tam

364 3655 810 3747 praegrandia,
895 3666 960 3724 et
1027 3658 1355 3746 insigniter
1434 3669 1676 3745 crassa,
1754 3683 1941 3730 nemo
2013 3652 2139 3726 alte
2190 3668 2473 3746 turgent,
2497 3672 2514 3677 “
2542 3660 2701 3727 sicut
2760 3659 2826 3725 in
2885 3659 3275 3750 ponderibus
3329 3660 3586 3745 Italicis,

360 3770 489 3843 est,
560 3760 676 3848 qni
717 3770 843 3826 aut·
866 3761 1149 3848 ignoret,
1233 3772 1339 3828 aut
1390 3764 1596 3851 possit
1641 3763 1943 3855 dubitare.
2011 3761 2131 3831 sed
2204 3773 2351 3830 sunt
2427 3764 2640 3851 operis
2714 3765 2910 3851 magis
2951 3765 3256 3847 =humilis,
3363 3762 3588 3852 cuique

362 3860 457 3957 V}
492 3871 884 3952 praeteream
943 3873 1115 3946 certa
1155 3861 1420 3932 fusionis
1464 3865 1724 3951 indicia„
1782 3886 1942 3955 quae
2010 3865 2375 3952 peragendo
2433 3865 2616 3932 facile
2671 3865 2932 3935 malleus
2986 3889 3103 3955 par
3143 3867 3276 3933 fuit.
3391 3866 3583 3932 Dein·

346 3962 622 4053 bendum
674 3966 745 4033 ιιι
798 3965 920 4032 hac
972 3975 1152 4055 parte
1194 3967 1298 4034 vel
1355 3967 1578 4037 leviter
1630 3969 1943 4039 eruditum
2011 3967 2095 4045 de
2169 3990 2538 4058 quacunque
2611 3966 2891 4036 adhibita
2972 3991 3168 4058 opera
3246 3967 3586 4036 observare

350 4048 643 4158 effingere
724 4089 859 4136 non
940 4078 1246 4158 possunt,
1346 4067 1667 4161 utriusque
1746 4073 1941 4163 partis
2004 4071 2293 4139 nondum
2355 4072 2529 4137 licuit
2591 4080 2922 4160 praetensa
2983 4072 3096 4138 illa
3160 4069 3428 4137 fusionis
3490 4072 3580 4151 in·

356 4170 603 4263 figurae
673 4171 893 4245 altius
924 4181 1207 4257 exstant,
1297 4182 1481 4261 quam
1547 4182 1615 4241 ut
1670 4196 1940 4265 quacun·
2012 4174 2204 4257 dicia,
2266 4174 2419 4263 quin
2483 4182 2649 4239 certa
2715 4173 2926 4242 mallei
2987 4170 3348 4242 testimonia
3404 4197 3583 4264 prae

356 4288 501 4365 que
540 4273 793 4345 mallei
815 4275 878 4344 vi
920 4275 1015 4343 sic
1055 4276 1411 4364 potuissent
1451 4276 1681 4366 effingi.
1769 4280 1941 4369 Lege
2006 4278 2118 4346 bet
2170 4298 2305 4344 non
2353 4274 2551 4343 modo
2607 4274 2924 4361 foramen,
3004 4278 3181 4367 quod
3235 4280 3302 4347 ιιι
3354 4279 3582 4348 horum

1983 4516 2255 4570 Μοιιεει-ΙΙ
2277 4518 2633 4570 εεΑιΗΝ
2639 4508 2803 4571 ε.2.’

2000 4600 2239 4670 tolli-at
2272 4607 2445 4672 abt-63.
2480 4603 2545 4656 T.
2579 4604 2663 4659 ln.
2697 4620 2810 4672 pa&
2844 4593 2961 4657 418.

492 4510 569 4583 P)
609 4532 723 4584 1²⁸2·
756 4512 877 4569 638·
913 4506 962 4566 ἦ·
1141 4512 1205 4585 q)
1240 4535 1350 4584 pag.
1390 4516 1537 4573 1070.
1578 4520 1622 4571 1.
1798 4508 1943 4585 r)iu

354 4610 475 4687 Ψ
506 4612 633 4669 Ρη·
669 4593 753 4651 25·
890 4598 941 4668 ι)
979 4598 1195 4671 Paralip.
1231 4601 1288 4656 in
1324 4600 1557 4672 Dempst.
1592 4619 1705 4671 pag.
1747 4599 1863 4655 162.

2942 4516 3581 4582 ε)ιιεεοιι.ι11ι“ιιάΡσ-
