4450 5542
706 1138 715 1145 ·
828 1097 938 1169 vit.
1027 1095 1206 1165 Haec
1248 1094 1339 1163 de‘
1373 1096 1577 1162 numis
1622 1097 1929 1163 maximae
1988 1096 2227 1164 formae
2272 1096 2403 1165 Ro·

691 1190 704 1205 ‘
816 1202 1184 1281 manorum,
1229 1207 1294 1265 et
1335 1196 1717 1286 populorum
1760 1186 1983 1273 Italiae
2025 1200 2286 1266 mediae.

1700 468 2504 652 Pnomzoomssm
2555 523 3134 631 (ιΕΝΕιιΑιιΑ.
3219 502 3224 513 '

829 668 1052 769 minae,
1097 683 1407 775 pondere
1437 679 1693 752 multum
1740 683 2070 769 deficiunt,
2127 686 2209 754 de
2275 708 2406 777 quo
2477 687 2557 755 ab
2612 679 2901 776 Augusto
2957 708 3155 778 usque
3210 684 3294 755 ad
3353 685 3774 772 Gallienum,
3801 689 3892 755 sic
3958 699 4050 757 ta·
4147 722 4152 725 Α

830 810 1158 858 numorum
1214 808 1442 875 genere
1496 809 1748 875 agemus
1822 790 1891 855 in
1956 798 2219 859 tractatu
2282 790 2406 857 sin-
2474 811 2617 856 men
2675 800 2746 858 ut
2807 789 3131 880 paullatim
3206 810 3421 861 eorum
3489 790 3811 858 decrescat
3874 791 4050 858 volu·

828 891 1047 981 gulari.
1146 892 1508 959 Postremus
1580 890 1964 958 Justinianus
2052 891 2406 961 incredibili
2473 911 2654 974 men,
2717 892 2899 981 quod
2954 892 3141 960 facile
3195 901 3366 982 patet
3419 912 3682 961 aeneos,
3704 894 3752 960 Ι.
3790 892 4053 965 «formae

827 976 1090 1063 numero
1147 993 1332 1081 hujus
1395 992 1658 1083 rationis
1716 1015 1943 1061 numos
1982 994 2169 1062 ‘feriri
2233 1017 2404 1063 cura·
2475 993 2785 1077 Gordiani
2842 1016 2980 1062 cum
3034 994 3418 1089 Neronianis
3471 994 3837 1071 conferenti.
3926 996 4066 1063 Ae··

2473 1118 2733 1163 neorum
2798 1094 2911 1164 111.
2984 1096 3227 1166 formae
3292 1117 3442 1169 ιιοιι
3487 1106 3615 1163 tam
3677 1090 4044 1187 aequabilis,

2472 1208 2540 1266 et
2578 1208 2704 1297 tam
2744 1200 3088 1289 interrupta
3129 1200 3346 1268 series.
3411 1196 3621 1287 Hujus
3665 1201 3910 1289 generis
3935 1222 4046 1267 nn-

1032 1303 1204 1369 Inter
1263 1304 1511 1367 exteras
1572 1300 1860 1368 nationes
1924 1320 2149 1371 numos
2215 1302 2402 1392 hujus
2469 1320 2637 1369 mum
2678 1301 2795 1370 snb
2842 1302 3132 1397 Augusto
3191 1312 3254 1370 et
3305 1303 3568 1371 Tiberio
3625 1322 3872 1386 cusum,
3939 1305 4047 1392 qui

829 1391 1049 1472 classis
1120 1403 1185 1467 ιιι
1256 1412 1497 1470 remota
1566 1403 1931 1492 antiquitate
1989 1426 2072 1473 ne
2113 1427 2440 1525 quaeras,
2472 1413 2639 1470 esset
2683 1405 3006 1473 commatis
3061 1404 3368 1487 Romani,
3436 1426 3569 1472 non
3629 1406 3918 1513 reperio,
3991 1405 4047 1471 si

829 1507 1006 1597 quia,
1074 1514 1141 1572 ut
1203 1504 1356 1572 alias
1416 1504 1590 1588 dixi,
1659 1506 1739 1572 ab
1782 1504 1886 1573 his
1929 1514 2059 1574 tum
2104 1498 2278 1575 ιιιιιιιι
2317 1510 2402 1575 si·
2470 1503 2685 1574 demas
2738 1506 2983 1596 aliquot
3048 1508 3338 1577 numulos
3406 1500 3776 1575 IIIvirorum
3827 1502 4044 1577 mone·

833 543 1075 597 XLVIII

699 1602 727 1625 '‘
827 1610 1000 1696 gnati
1039 1628 1173 1676 nen
1216 1615 1395 1689 sunt,
1457 1608 1580 1676 nisi
1625 1609 1794 1675 aurei
1836 1619 1899 1676 et
1942 1611 2261 1697 argentei,
2331 1628 2405 1678 ae
2471 1606 2720 1692 talium,
2787 1619 2857 1681 ιιι
2907 1608 3206 1677 Betilieni
3271 1610 3506 1693 Bassi,
3559 1614 3690 1676 tum
3757 1620 3821 1678 et
3882 1610 4044 1677 alios

705 1796 711 1801 Ι
830 1711 1127 1799 deinceps
1172 1729 1426 1799 quoque
1470 1710 1578 1778 diu
1620 1712 1698 1807 iis
1744 1730 2071 1794 caruere,
2093 1714 2150 1780 si
2190 1713 2403 1782 demas
2470 1712 2787 1801 inscriptis
2829 1715 2896 1780 in
2940 1735 3156 1783 aversa
3199 1714 3376 1781 notis
3421 1712 3851 1795 arithmeticis,
3922 1722 4044 1780 tes-
4143 1708 4152 1715 ⁴

554 3592 563 3603 ·
694 3597 717 3639 ·„
818 3560 938 3650 plo
1008 3558 1311 3627 volumini
1378 3558 1833 3674 respondente

828 1812 1332 1881 Ptolemaeorum
1401 1835 1628 1882 numos
1705 1822 1898 1883 notos
1972 1815 2136 1883 aeris
2223 1838 2402 1904 prae-
2470 1835 2643 1883 seras
2685 1817 2915 1907 magis,
2991 1818 3176 1904 'quam
3213 1837 3439 1883 numos
3457 1865 3476 1899 ,
3544 1826 3676 1883 tum
3730 1814 3900 1883 etsi
3941 1814 4042 1882 his

800 1915 1081 2006 ‘grandis
1143 1936 1229 1995 ao
1269 1915 1480 1984 solidi.
1568 1916 1701 1984 Vix
1730 1917 2028 2002 credam,
2066 1927 2228 1989 ante
2273 1918 2398 1986 Au·
2468 1917 2879 2005 adnumerare
2952 1916 3167 1985 voles
3215 1917 3482 1985 creditas
3546 1916 3786 1984 Tiberii
3871 1918 4039 2006 spin-

826 2020 993 2106 gusti
1062 2028 1348 2107 tempora
1416 2020 1680 2107 reperiri
1752 2042 2013 2088 aeneum
2092 2042 2399 2089 mammae
2466 2021 2637 2088 trias.
2722 2020 2966 2109 Signati
3009 2018 3304 2111 deinceps
3349 2019 3466 2088 sub
3499 2017 3813 2109 Caligula
3819 2023 3883 2086 'et
3910 2018 4041 2085 Ne·

826 2119 1084 2189 formae.
1173 2114 1307 2189 Sub
1366 2122 1520 2204 hoc,
1599 2132 1664 2189 et
1724 2121 2045 2243 aliquanto
2098 2123 2397 2214 deinceps
2461 2143 2657 2206 rone,
2731 2145 2866 2191 non
2907 2133 3116 2191 tamen
3157 2144 3384 2212 magno
3430 2144 3721 2206 numero,
3787 2131 3894 2189 aut
3937 2143 4037 2187 va-

826 2233 1123 2313 tempore
1154 2225 1289 2291 cusi
1329 2222 1398 2290 id
1432 2244 1638 2313 genus
1680 2224 1979 2312 insignes,
2025 2227 2105 2295 ιιι
2136 2249 2414 2316 quorum
2470 2227 2707 2293 rietase.
2794 2226 3210 2316 Frequentius
3255 2226 3524 2296 subinde
3544 2275 3564 2308 ‚
3639 2234 3708 2293 et
3753 2224 4052 2323 varianti·x

826 2322 1044 2394 aversa
1116 2335 1214 2394 est
1278 2326 1499 2394 ROM.
1554 2326 1689 2393 ET.
1733 2325 1959 2411 AVG„
2018 2351 2179 2419 qnos
2223 2330 2404 2398 multi
2470 2327 2589 2396 bus
2661 2328 2832 2417 typis
2906 2351 2976 2398 se
3054 2334 3418 2422 ostentant
3456 2330 3574 2396 sub
3644 2326 4038 2409 Domitiano,

766 2438 799 2513 f
824 2450 1052 2517 numos
1106 2429 1434 2496 Romanos
1488 2437 1820 2518 putavere,
1895 2431 2012 2498 sed
2038 2453 2227 2521 quos
2296 2456 2400 2502 ve·
2468 2426 2684 2498 Nerva
2711 2479 2730 2513 ,
2816 2433 3094 2520 Trajano
3120 2483 3139 2516 ,
3229 2426 3570 2499 Hadriano
3584 2477 3604 2511 ,
3690 2429 4040 2519 Antonino.

824 2510 1143 2599 risimilius
1188 2540 1285 2599 est
1326 2531 1648 2619 Lugduni.
1665 2530 1913 2601 Galliae
1957 2534 2274 2621 signatos,
2329 2545 2400 2603 ιιι
2465 2534 2725 2622 Longus
2769 2543 2921 2623 post
2960 2534 3083 2602 hos
3127 2534 3334 2601 hiatus
3378 2553 3576 2622 usque
3632 2529 3714 2599 ad
3755 2514 4039 2617 Decium,

828 2634 1070 2703 dicetur
1121 2633 1187 2700 in
1229 2632 1432 2701 numis
1474 2632 1759 2722 Augusti.
1846 2636 1936 2702 At
1975 2637 2248 2725 posthac
2291 2635 2399 2713 diu
2468 2658 2596 2727 quo
2664 2636 3010 2726 imperante
3092 2646 3458 2726 comparent
3510 2636 3752 2703 iterum
3827 2634 4041 2703 addita

827 2737 1034 2806 adhuc
1098 2737 1271 2804 numi
1337 2726 1642 2813 maximae
1705 2734 1946 2806 formae
2013 2761 2130 2831 per
2205 2743 2398 2809 Grae·
2468 2740 2537 2807 S.
2581 2740 2652 2809 C.
2698 2749 2883 2822 nota,
2946 2739 3063 2809 sed
3105 2743 3290 2810 etiam
3345 2760 3486 2805 cum
3538 2737 3667 2804 hoc
3727 2737 4037 2806 desinunt.
4085 2826 4106 2837 -

828 2863 935 2909 cas
979 2840 1167 2909 urbes
1225 2839 1367 2907 rari.
1465 2838 1555 2906 Vt
1596 2840 1841 2907 Romae
1883 2834 2227 2962 imperante
2267 2844 2397 2921 Ha·
2468 2818 2743 2910 Gallieni
2812 2852 3102 2920 monetae
3155 2844 3425 2911 maxima
3483 2861 3630 2929 pars
3691 2836 3880 2927 hujus
3945 2851 4050 2909 est

773 2958 784 2969 ‘
826 2944 1048 3013 driano
1095 2951 1436 3061 coeperunt
1477 2941 1885 3029 invalescere,
1929 2947 2022 3013 sic
2063 2956 2127 3014 et
2169 2946 2398 3015 eodem
2467 2944 2736 3029 formae,
2802 2955 2992 3035 atque
3042 2946 3156 3013 illa
3223 2946 3522 3033 deinceps
3573 2952 3702 3010 tam
3769 2930 4041 3031 ambigui

824 3056 1109 3151 tempore
1143 3046 1210 3113 in
1255 3045 1512 3116 urbibus
1560 3047 1818 3114 Graecis
1831 3098 1857 3167 ³.
1911 3044 2175 3118 testibus
2218 3064 2398 3139 p'rae·

824 3159 920 3218 ter
973 3172 1107 3219 non
1160 3171 1399 3239 paucos
1454 3147 1781 3217 Hadriani
1815 3151 1925 3235 iis,
1994 3174 2191 3241 quos
2216 3152 2397 3220 Anti·
2466 3151 2552 3223 mi
2609 3144 2953 3233 secundae,
3030 3151 3139 3239 qui
3189 3146 3433 3237 tertiae,
3503 3167 3694 3237 saepe
3748 3149 3876 3243 qui‘
3915 3158 4039 3231 tet-⁶

796 3254 938 3319 ‚noi
980 3253 1211 3320 honori
1266 3263 1807 3322 consecraverunt.
1896 3254 2248 3323 Maximum
2289 3278 2398 3323 eo·
2465 3255 2622 3337 tiae,
2697 3255 2801 3322 vel
2855 3262 3111 3342 quartae
3165 3252 3292 3319 sint
3348 3249 3690 3320 tribuendi:
3783 3248 3946 3316 Inde
4000 3275 4041 3318 a

823 3377 964 3423 rum
1016 3377 1353 3449 numerumv
1391 3356 1583 3422 Asiae
1644 3356 1908 3425 'minoris
1961 3381 2036 3425 ac
2088 3359 2397 3426 Thraciae
2463 3348 2842 3424 Theodosio
2901 3355 3000 3421 M.
3061 3375 3262 3442 usque
3314 3353 3397 3421 ad
3450 3350 3878 3439 Palaeologos
3930 3351 4040 3419 vix

733 3523 736 3526 ,
824 3459 1039 3526 urbes*
1058 3456 1383 3539 fuderunt,
1448 3476 1593 3523 raro
1646 3466 1855 3526 tamen
1908 3459 2227 3528 soliditate
2269 3483 2397 3527 am-
2453 3463 2589 3545 jam
2644 3441 2974 3526 habentur-
3016 3456 3190 3525 numi
3247 3456 3436 3543 hans
3500 3454 3770 3537 formae,
3836 3453 4035 3523 multo

1951 3561 2174 3631 Paullo
2248 3573 2400 3651 post
2466 3560 2662 3647 magis
2750 3558 3136 3676 parabilibus
3230 3561 3436 3627 aureis
3459 3607 3518 3641 ,,
3579 3579 3762 3676 quam
3850 3557 4038 3644 hujus

826 3662 1182 3733 Gallienum
1226 3683 1365 3729 cum
1406 3654 1698 3728 universa
1727 3663 2115 3737 Graecorum
2152 3688 2224 3734 re
2265 3686 2396 3731 ιιιο-
2468 3662 2689 3730 classis
2749 3662 2977 3730 aeneis.
3080 3660 3261 3729 Haec
3316 3661 3397 3729 de
3448 3662 3654 3729 numis
3712 3660 4042 3760 commatis

824 3767 1063 3836 netaria
1103 3766 1172 3833 hi
1214 3785 1469 3855 quoque
1520 3764 1896 3833 desiverunt.
2465 3740 2755 3832 Romani.

1581 3913 1618 3951 ,,,
1660 3921 1665 3926 .
2365 3946 2370 3951 ,
2673 3866 2866 3935 Numi
2919 3867 3099 3935 aenei
3156 3866 3479 3934 commatis
3544 3838 3886 3955 peregrini,
3963 3886 4038 3931 ac
4081 3902 4118 3923 --

2467 3057 2565 3114 est
2606 3044 2979 3135 voluminis,
3025 3058 3094 3116 ut
3136 3069 3326 3138 saepe
3370 3048 3716 3129 dubitetur,
3775 3048 3892 3135 qui
3926 3069 4038 3113 nu·
4137 3072 4156 3078 ·

1031 3972 1234 4041 Aenei
1284 3972 1396 4038 111.
1462 3956 1802 4067 formarum
1870 3968 2113 4038 Romae
2185 3962 2399 4037 induci

828 4076 1076 4162 coepti,
1136 4097 1216 4145 ex
1262 4096 1389 4162 quo
1432 4084 1583 4162 post
1625 4073 2010 4139 imminutum
2054 4094 2278 4154 assem,
2323 4092 2399 4138 ac

730 4244 739 4253 l
826 4186 1168 4265 propterea
1208 4176 1489 4263 ‘pondus
1555 4176 1938 4247 mansuetior
1999 4179 2133 4262 ejus
2188 4176 2400 4263 coepit

828 4300 969 4346 esse
1012 4288 1280 4355 moneta.
1369 4279 1532 4360 Tum
1575 4280 1740 4345 enim
1784 4299 1955 4345 asses
2000 4276 2082 4344 ad
2106 4278 2400 4345 volumen

827 4378 1175 4461 I.-formae‚
1222 4378 1512 4445 semisses
1555 4379 1662 4457 11.‚
1706 4379 1983 4467 reliquae
2026 4391 2233 4466 partes
2265 4381 2400 4459 ΠΙ..

828 4481 937 4550 aut
978 4482 1140 4549 inter
1183 4480 1300 4546 has
1340 4480 1615 4547 medium
1660 4492 1804 4548 sunt
1846 4481 2153 4549 redactae.
2198 4471 2400 4550 Aenei

2466 3970 2800 4059 praecipue
2871 3971 3256 4038 Graecorum
3344 3984 3562 4061 omnes
3647 3970 3833 4036 etiam
3918 3967 4036 4049 lias

2466 4083 2595 4140 tres
2639 4073 2874 4145 formas
2919 4072 3223 4166 offerunt,
3277 4070 3392 4141 sed
3419 4062 3783 4160 ‚temporum
3827 4071 3894 4137 in
3933 4070 4037 4137 his

2465 4176 2628 4245 ratio
2667 4170 2771 4247 'est
2823 4174 3182 4265 spectanda.
3287 4174 3425 4249 Ex,-
3453 4196 3580 4264 quo
3641 4173 3760 4242 illi.
3802 4194 3922 4240 aes.
3967 4173 4039 4239 in

2467 4289 2760 4346 monetae
2825 4280 3210 4347 consortium
3280 4286 3607 4371 accepere,
3682 4276 3864 4344 tertia
3904 4274 4040 4342 fere

2466 4378 2671 4451 forma
2746 4383 3040 4450 contenti·
3106 4380 3346 4462 fuere„
3388 4378 3733 4447 rarioribus
3797 4377 4037 4444 formae

2467 4469 2584 4568 11.,'
2617 4483 2950 4553 rarissimis
3004 4483 3053 4549 Ι.
3145 4482 3430 4548 Necesse
3469 4501 3604 4549 non
3648 4489 3836 4575 puto,
3879 4480 4038 4548 haec

828 4587 880 4652 Ι.
913 4595 976 4652 et
1003 4584 1085 4652 11.
1130 4582 1370 4653 formae
1415 4581 1718 4655 illustrem
1765 4584 2149 4669 constituunt
2176 4587 2400 4654 seriem
2470 4585 2780 4675 exemplis
2825 4584 3136 4668 stabilire,
3203 4582 3377 4670 quod
3419 4582 3577 4653 haec
3599 4585 3851 4672 opassim
3869 4649 3874 4654 ,
3894 4602 4038 4653 sese
