4450 5542
1479 749 2254 856 CAPVT
2395 750 2643 856 XIX.

1148 961 1337 1039 De
1421 993 1876 1044 numzs
1976 961 2944 1042 adulteri‘nas.

440 1170 659 1259 Hunc
708 1198 1037 1272 tractatum
1101 1191 1171 1257 ιιι
1216 1200 1433 1302 partes
1493 1190 1648 1258 duas
1716 1189 2017 1277 dispesci·
2084 1190 2251 1278 intra
2308 1190 2550 1274 argenti
2601 1183 2913 1257 bracteam
2968 1189 3156 1264 vilem
3213 1213 3294 1262 ex
3337 1213 3481 1261 aere
3526 1197 3658 1260 ani·

442 1312 610 1374 mus,
672 1313 933 1380 quarum
974 1294 1024 1359 Ι.
1069 1289 1249 1378 aget
1265 1292 1346 1360 de
1399 1295 1603 1360 numis
1648 1292 2023 1360 adulterinis
2086 1314 2250 1388 mam
2291 1291 2663 1359 recondens.

438 1417 563 1485 per
616 1395 899 1462 fraudem
949 1403 1253 1477 veterem,
1314 1395 1399 1462 11.
1441 1396 1523 1463 de
1578 1397 1783 1463 numis
1840 1393 2017 1463 adul·
2254 1395 2452 1482 Atqui
2492 1398 2625 1481 jam
2679 1403 2809 1461 tum
2863 1397 2930 1461 in
2994 1417 3142 1476 eos,
3233 1399 3340 1484 qui
3403 1398 3659 1465 turbare

432 1498 665 1564 terinis
714 1519 835 1585 per
886 1494 1169 1563 fraudem
1218 1495 1605 1568 modernam.
1707 1498 2018 1588 Parahan·
2085 1496 2215 1562 hoc
2275 1510 2463 1584 pacto
2515 1496 2726 1568 fldem
2793 1496 3109 1586 publicam
3126 1546 3145 1580 ‚
3234 1508 3299 1565 et
3385 1523 3658 1608 corrum-

346 1673 349 1678 ⁴
445 1611 551 1667 tur
586 1598 683 1665 illi
725 1621 766 1667 a
805 1599 1104 1681 sabatha,
1161 1610 1230 1668 ut
1281 1610 1536 1668 moneta
1586 1602 1792 1690 proha
1842 1611 2017 1691 puta·
2086 1621 2237 1688 pere
2279 1601 2508 1688 pignus
2563 1600 2947 1688 reipublicae
3002 1611 3148 1668 sunt
3201 1604 3369 1685 ausi,
3425 1585 3659 1691 gravis·

442 1712 661 1770 rentur
677 1750 697 1786 ‚
774 1713 1099 1791 parantur
1147 1702 1218 1772 hi
1281 1725 1320 1769 a
1385 1701 1622 1772 fraudis
1684 1706 2017 1793 magistris,
2086 1703 2276 1770 simis
2315 1704 2542 1790 poenis
2598 1702 2792 1769 fuisse
2847 1703 3377 1787 animadversum,
3466 1706 3661 1773 multa

440 1816 512 1874 ut
556 1816 812 1874 moneta
853 1815 1029 1873 vetus
1062 1804 1422 1874 credantur.
1556 1851 1565 1860 -
2082 1805 2383 1872 habemus
2456 1805 2883 1892 legislatorum
2954 1809 3331 1878 testimonia.
3466 1807 3660 1896 Apud

2080 1908 2576 1976 Demosthenem
2617 1908 2838 1978 Solon
2904 1910 3046 2027 ipse
3109 1912 3331 1980 mortis
3384 1931 3657 1998 poenam

502 2049 558 2113 Ῑ
644 2047 835 2114 Num·
870 2049 1187 2114 aduam
1216 2069 1332 2130 per
1356 2046 1651 2131 fraudem
1691 2058 1959 2114 „333er-
2082 2009 2271 2095 hujus
2326 2012 2666 2100 compertis
2723 2012 2999 2078 criminis
3043 2011 3240 2082 fuisse
3292 2011 3662 2080 intentatam
3755 2081 3772 2090 „
3814 2041 3819 2052 ·

2012 2113 2315 2180 ¹·docet
2327 2115 2381 2200 ).
2498 2112 2675 2180 Idem
2726 2114 2852 2180 reis
2910 2114 3226 2183 decretum
3265 2115 3658 2205 supplicium

602 2215 841 2284 Artem
898 2227 1210 2285 monetam
1263 2219 1431 2335 turpi
1482 2213 1700 2285 fraude
1744 2237 2017 2282 corrum-
2086 2214 2243 2283 alibi
2293 2226 2553 2284 testatur
2608 2215 3072 2284 Demosthenes
3094 2219 3188 2303 ‘),
3276 2231 3340 2286 et
3394 2241 3476 2288 ex
3532 2218 3662 2284 hoc
3789 2257 3800 2274 ·

444 2318 641 2408 pendi
681 2341 825 2387 cum
864 2322 1022 2409 ipsis
1064 2320 1195 2388 fere
1236 2321 1442 2386 numis
1484 2330 1710 2402 natam,
1766 2329 1845 2386 et
1866 2319 2019 2387 scri·
2086 2318 2403 2408 Aristides
2421 2320 2507 2406 ¹¹.)
2593 2309 2902 2406 Diogenis
2951 2330 3192 2409 patrem
3230 2319 3426 2388 fuisse
3479 2342 3658 2392 reum

444 2433 673 2512 ptores
716 2423 1025 2506 docuere,
1085 2433 1149 2490 et
1192 2424 1597 2513 experientia.
1681 2423 2027 2490 Praetereo.
2090 2432 2424 2516 corruptae
2476 2431 2796 2504 monetae,
2849 2432 3061 2490 narrat
3102 2422 3427 2508 Diogenes
3469 2424 3659 2490 Laer-

440 2527 875 2594 testimonium
941 2525 1292 2608 Herodoti,
1380 2526 1688 2592 narrantis
1710 2525 1841 2610 ¹’),‚
1894 2523 2017 2591 Po·
2086 2524 2212 2592 tius
2232 2524 2321 2612 ¹).
2455 2522 2612 2589 Cum
2699 2525 3088 2592 Graecorum
3173 2524 3419 2611 legibus
3508 2547 3660 2594 con·

443 2626 753 2711 lycratem
825 2629 998 2696 Sami
1082 2639 1416 2712 tyrannum
1500 2626 2019 2696 Lacedaemoniis
2087 2628 2330 2744 spirant
2383 2626 2723 2693 Romanae.
2859 2619 3227 2714 Quicumque,
3286 2630 3491 2718 inquit
3545 2629 3658 2696 Vl·

444 2729 783 2822 plumbum
824 2713 1169 2800 inauratum
1221 2753 1340 2822 pro
1386 2740 1640 2798 moneta
1681 2733 1869 2798 aurea
1911 2730 2022 2798 ob·
2087 2730 2312 2819 piauus
2353 2731 2456 2816 ἵ),
2542 2753 2751 2798 πωπω
2797 2755 3035 2803 aureos
3102 2739 3389 2814 raserint,
3473 2739 3658 2803 tin-‘te-

446 2833 689 2918 tulme,
730 2834 922 2919 istud,
966 2838 1240 2924 inquam,
1286 2836 1707 2920 testimoninm
1749 2843 2020 2923 praeter·
2086 2839 2240 2915 rint,
2303 2838 2672 2922 finxerint,‘
2724 2841 3006 2922 siquidem
3088 2843 3209 2903 sint
3292 2839 3492 2915 liberi,
3577 2842 3665 2904 ad

449 2958 535 3004 eo
584 2947 953 3029 propterea,
1009 2940 1157 3026 quia
1209 2948 1428 3006 auctor
1477 2935 1617 3028 ipse
1670 2946 2022 3004 enarratum
2064 2929 2303 3004 bestias
2366 2940 2610 3015 dantur,
2699 2942 2760 3002 ei
2813 2945 2999 3015 semi,
3085 2959 3311 3004 summo
3365 2942 3661 3023 supplicio

455 3038 629 3107 istud
674 3065 1114 3126 ματαιοτερον
1167 3043 1400 3126 λογον,
1467 3044 1683 3109 απιῖειι
1714 3040 2022 3124 fabulam,
2088 3041 2469 3124 affe-*thuna
2569 3037 2739 3104 Vide
2802 3036 2957 3106 alibi
3020 3060 3273 3106 severas
3337 3040 3660 3108 Romano·

453 3141 749 3231 appellat.
860 3142 1079 3230 Major
1151 3144 1489 3228 auctoritas
1551 3139 2022 3242 Demosthenis,
2087 3159 2224 3206 rum
2290 3139 2359 3204 in
2422 3160 2571 3205 reos
2637 3160 2880 3227 poenas
2943 3140 3098 3220 alias
3120 3146 3194 3222 ¹).
3323 3141 3536 3231 Atque
3589 3155 3660 3212 ut

450 3249 628 3333 eujus
688 3244 1017 3315 evidente
1026 3232 1408 3314 testimonio
1480 3243 1811 3326 docemur,
1886 3245 2023 3327 jam
2086 3261 2300 3330 poena
2361 3241 2522 3320 reis,
2588 3241 2683 3307 sic
2748 3251 2812 3307 et
2872 3242 3216 3330 praemium
3269 3242 3659 3312 delatoribus

448 3348 719 3417 Solonis
805 3359 1009 3420 aetate
1079 3358 1371 3416 monetae
1439 3347 1733 3437 publicae
1809 3365 2027 3410 corru-
2088 3341 2341 3433 publice
2396 3341 2512 3411 suit
2563 3344 2986 3410 constitutum.
3101 3347 3305 3425 Servi,
3363 3348 3450 3413 ait
3500 3347 3658 3434 Dio·

449 3454 733 3542 ptionem
798 3474 933 3521 rem
994 3451 1191 3520 fixisse
1251 3453 1490 3541 passim
1551 3471 1677 3540 per
1741 3448 2022 3516 civitates
2090 3446 2393 3514 cletianus
2414 3451 2510 3530 ⁸),
2562 3452 2670 3532 qm·
2712 3452 3067 3516 memmiae
3085 3451 3498 3524 ,adulterarem
3538 3475 3658 3522 mo·

452 3557 728 3624 Graecas
817 3555 1161 3644 cognitam,
1250 3563 1315 3622 et
1379 3552 1633 3642 capitali
1703 3550 2021 3643 supplicio
2087 3562 2286 3619 notam
2334 3561 2667 3640 exerceam
2719 3557 2782 3618 in
2831 3553 3131 3636 publicum
3180 3557 3524 3635 dmderint,
3580 3547 3658 3622 ci·

448 3659 731 3747 punitam
762 3656 844 3743 ¹).
969 3658 1141 3758 Ipsa
1188 3678 1343 3724 vere
1418 3658 1806 3747 experientia
1888 3673 2022 3722 non
2084 3660 2268 3728 nitate
2307 3656 2386 3720 R.
2427 3631 2735 3726 danaim.
3757 3737 3772 3750 .

450 3781 655 3849 pauca
700 3760 894 3830 nobis
946 3735 1276 3829 inveterati
1323 3758 1523 3846 hujus
1554 3759 1774 3848 flagitii
1816 3779 2051 3844 exem·-
2261 3757 2510 3828 Intenta
2577 3737 2736 3824 haec
2801 3756 3130 3847 supplicia
3177 3780 3362 3848 quam
3441 3735 3662 3829 inutile

449 3859 586 3959 pla
600 3861 1004 3952 suppeditat.
1115 3863 1235 3930 Est
1294 3863 1360 3928 in
1422 3884 1643 3932 museo
1712 3863 2025 3931 Caesareo
2091 3859 2332 3930 fuerint
2371 3847 2676 3930 adversus
2732 3858 3012 3929 fraudem
3063 3859 3434 3943 remedium,
3520 3865 3661 3950 ipsa

448 3985 675 4034 numus
718 3964 1062 4032 Messanae
1103 3964 1361 4034 Siciliae
1379 4011 1427 4058 ,
1456 3963 1614 4032 alius
1666 3961 1835 4034 mihi
1874 3986 2024 4033 con·
2091 3976 2410 4053 superstes
2520 3972 2695 4029 vetus
2810 3971 3064 4029 moneta
3169 3965 3659 4051 experimentum

449 4078 707 4158 spectus
744 4065 1260 4159 Metapontinus‚
1322 4089 1505 4155 quem
1550 4069 1703 4138 olim
1746 4067 1919 4135 edidi
1940 4067 2024 4155 ‘),
2090 4062 2369 4155 praebet.
2497 4061 2874 4131 Incredibile
2923 4062 3167 4141 1’(ιιιιιιι,
3234 4073 3465 4154 quanta
3547 4089 3659 4135 nu·

446 4171 873 4260 antiquissimi
957 4179 1218 4258 uterque
1302 4173 1626 4240 commatis
1648 4222 1668 4257 ‚
1767 4179 2028 4258 uterque
2090 4189 2335 4236 morum
2422 4166 2609 4252 copia
2694 4176 3012 4253 argentum
3082 4189 3203 4257 pro
3276 4190 3420 4238 aere
3489 4193 3659 4239 men·

592 4425 661 4497 p)
699 4428 756 4480 1..
792 4427 879 4496 lll-
914 4417 1076 4480 0⁸56.
1200 4481 1207 4486 ,
1271 4426 1337 4499 q)
1373 4430 1483 4481 adv.
1522 4425 1755 4480 Timocr.
1788 4447 1841 4496 Ρ.
1877 4445 1947 4481 m.
1985 4428 2105 4479 80⁵.
2235 4435 2250 4450 ³
2297 4419 2351 4486 r)
2389 4419 2681 4480 Nummi.
2716 4439 2769 4491 Ρ.
2801 4424 2887 4475 38.
3060 4422 3116 4490 ι)
3153 4425 3186 4476 ι.
3221 4444 3267 4481 c.
3459 4424 3505 4491 t)
3541 4429 3657 4480 adv.

446 4512 726 4582 Leptinen
760 4512 829 4565 in·
853 4514 957 4565 fine
990 4531 1041 4581 Ρ.
1074 4531 1144 4564 m.
1180 4509 1299 4565 566.
1366 4571 1375 4580 ,
1517 4510 1581 4578 u)
1620 4509 1768 4563 Orat.
1805 4511 1868 4561 T.
1902 4511 1962 4564 11.
1998 4511 2055 4579 Ρ.
2094 4528 2166 4561 m·
2199 4501 2323 4561 416.
2540 4502 2603 4574 x)
2641 4505 2696 4564 1..
2731 4505 2813 4560 vl.
2849 4499 2884 4575 §
2919 4509 3000 4561 20.
3222 4511 3294 4580 ᾖ)
3328 4509 3386 4561 1..
3427 4511 3635 4580 Quieun

444 4597 557 4669 φή
590 4598 652 4650 ss·
690 4597 754 4649 ad
794 4598 894 4664 leg·
936 4596 1093 4651 Corn.
1129 4595 1194 4650 de
1226 4599 1338 4652 fals.
1456 4675 1465 4688 ι
1547 4595 1601 4683 3)
1634 4593 1812 4649 Codic.
1850 4595 1904 4647 L.
1940 4593 2032 4648 IX.
2068 4593 2148 4647 tit·
2184 4585 2268 4645 2⁹1.
2475 4585 2538 4657 a)
2575 4588 2706 4644 cod.
2742 4591 2800 4650 L.
2839 4590 2945 4645 VII·
2979 4591 3058 4647 tit.
3092 4594 3178 4648 ιιι.
3213 4590 3245 4662 5
3283 4597 3330 4645 2.

518 4696 684 4767 (Vol.
720 4696 800 4760 ιο)
1296 4729 1343 4755 a*
1430 4721 1435 4732 “
3218 4697 3262 4770 P
