4450 5542
653 577 667 598 ,
730 535 737 542 ’
784 527 1019 582 vam
1384 583 1390 590 ,
1700 503 2451 579 PROLEGOMENA
2505 499 3089 582 GENERALIA.

646 675 657 710 τ
720 649 725 654 '
790 692 995 762 qm
1016 677 1168 759 post
1209 687 1423 735 cusum
1454 669 1588 753 jam
1631 639 1883 735 numum
1925 652 2177 736 additus
2220 663 2358 749 fuit,
2425 665 2598 754 plum
2686 636 2976 750 orbem,
3050 633 3315 755 eumque
3408 647 3588 735 varie
3693 677 4002 752 ornatum,

788 772 906 842 sed
959 781 1284 858 utrumque
1336 767 1652 838 metallum
1700 773 1851 856 jam
1913 772 2007 837 sic
2074 769 2360 837 commis-
2426 766 2863 860 porriguntur,
2949 766 3169 835 addito
3235 790 3506 857 superne
3570 758 3848 851 annulo,-
3891 791 4006 837 ex

785 897 925 944 sum
964 872 1255 941 incudem
1296 880 1623 960 expentum
1677 881 1808 954 est,
1862 891 2025 941 nam
2064 894 2254 961 saepe
2294 872 2374 937 ιιι
2430 891 2567 958 quo
2603 868 2904 966 suspendi
2945 880 3229 959 possent.
3316 857 3594 937 Multum
3651 893 3824 960 ergo
3850 871 4010 939 adfi-

785 978 887 1044 his
967 976 1169 1044 numis
1242 974 1612 1062 epigraphes
1696 973 1913 1041 literae
1982 975 2068 1046 ὶιιι
2142 973 2362 1041 orbem
2428 991 2543 1038 nes
2586 981 2732 1039 sunt
2784 973 2996 1040 aeneis
3051 995 3191 1041 cum
3261 972 3388 1040 lete
3459 983 3755 1062 porrecto
3821 974 4002 1057 orbe,

788 1077 1011 1146 ducta‘e
1078 1075 1145 1142 in
1220 1087 1549 1164 utrumque
1619 1075 1937 1143 metallum
2020 1078 2363 1154 incurrunt.
2433 1072 2516 1140 de
2560 1074 2786 1161 quibus
2813 1075 3048 1163 paullo
3081 1089 3300 1163 supra
3351 1075 3485 1162 egi,
3543 1077 3667 1144 nisi
3719 1076 3894 1166 quod
3931 1077 4006 1142 in

788 1180 953 1248 Sunt
1018 1195 1236 1268 omnes
1305 1178 1629 1245 commatis
1693 1176 1985 1247 Romani.
2085 1179 2365 1248 Graecus
2430 1175 2543 1242 his·
2576 1174 2867 1254 absunt
2859 1195 3136 1274 operosa
3176 1178 3290 1245 illa
3315 1189 3734 1262 ornamenta,
3789 1189 3854 1250 et
3894 1199 4000 1245 ιιι·
4091 1243 4099 1252 ,

784 1282 972 1370 hujus
1035 1291 1290 1348 naturae
1344 1278 1626 1346 nondum
1686 1279 2084 1368 conspectus.
2181 1279 2379 1348 simi*
2431 1277 2635 1345 nulus.
2724 1278 2932 1365 Hujus
2994 1280 3241 1366 generis
3309 1279 3437 1346 duo
3506 1282 3774 1369 cogniti,
3840 1301 4001 1349 unus

737 1445 741 1452 .
785 1383 895 1450 les
925 1384 1222 1450 Jobertus
1272 1385 1407 1467 jam
1464 1401 1631 1449 cum
1656 1380 1970 1450 Hadriani
2020 1385 2246 1472 capite.
2277 1385 2380 1450 oi
2430 1379 2740 1464 Ηοιιοιιι,
2813 1381 2972 1448 alter
3035 1382 3262 1450 Gallae
3327 1383 3677 1477 placidiae,
3749 1385 4002 1480 ineunte

785 1495 879 1552 tat
894 1485 946 1563 ‘)
965 1533 985 1567 ,
1054 1483 1170 1551 sed
1221 1505 1503 1552 museum
1559 1483 1793 1551 Albani
1856 1485 2194 1573 praeclaris
2260 1485 2360 1553 his
2428 1480 2557 1547 hoe
2599 1481 2853 1551 saeculo
2895 1486 2964 1554 ιιι
2993 1484 3264 1558 Geldria
3299 1465 3546 1569 effossi,
3595 1508 3757 1575 quos
3795 1488 4001 1575 pictos
4061 1469 4082 1488 ’

788 1586 1048 1660 cimeliis
1108 1583 1434 1673 insigniter
1496 1585 1796 1706 locuples
1851 1596 1995 1655 ante
2048 1579 2368 1655 Commo·
2429 1593 2494 1654 et
2536 1574 2896 1673 descriptos
2936 1586 3132 1654 habes
3175 1589 3244 1653 ιιι
3267 1588 3577 1676 Epistolis
3620 1588 3850 1656 criticis
3881 1590 4002 1671 Ou-
4083 1637 4098 1654 .

788 1688 939 1758 dum
989 1689 1229 1758 nullum
1288 1686 1505 1771 offert,
1593 1688 1709 1756 sed
1776 1690 1846 1755 ιιι
1901 1690 2033 1757 hoc
2060 1690 2359 1780 reperias
2426 1687 2663 1776 perit),
2711 1690 2820 1776 qui
2863 1711 3001 1763 eoa
3020 1689 3178 1757 vidit
3220 1690 3389 1779 ipse,
3434 1701 3596 1758 tum
3609 1700 3674 1757 et
3697 1690 3767 1756 ιιι
3796 1694 4008 1775 δοες-ἴ

546 1829 553 1838 ·
650 1761 651 1764 ¹
784 1791 992 1859 adhuc
1057 1813 1196 1859 oum
1264 1790 1534 1878 imagine
1596 1791 1824 1875 Probi,
1897 1771 2197 1880 Magniae
2238 1794 2360 1861 Vr·
2426 1795 2493 1855 di
2531 1790 2906 1878 cmm=)‚
2968 1814 3097 1880 quo
3149 1792 3301 1859 loco
3349 1793 3450 1863 Ol.
3493 1791 3874 1860 Bianchinus
3918 1790 4003 1859 de

784 1892 1000 1975 bicae,
1072 1892 1489 1975 Diocletiani,
1554 1905 1617 1963 et
1680 1895 1987 1986 collegae
2006 1895 2358 1964 Maximia-
2427 1911 2646 1960 eorum
2698 1903 2911 1962 vetere
2976 1917 3093 1962 usu
3155 1894 3438 1984 prolixe-
3465 1893 3719 1982 disserit
3737 1944 3758 1979 ,
3849 1914 4004 1961 con-

784 1997 869 2064 ni.
958 1997 1187 2084 Operis
1231 2006 1376 2064 sunt
1430 1996 1564 2063 fere
1615 2019 1871 2086 semper
1915 1998 2357 2087 pei-elegantis,
2414 1993 2678 2082 jicitque
2697 2042 2719 2078 ,
2804 1995 2874 2062 id
2958 2017 3155 2084 genus
3240 1997 3486 2064 cimelia
3570 1977 3670 2065 ad
3739 1996 4001 2066 militum

786 2119 1137 2186 quanquam
1211 2099 1511 2167 hactenus
1599 2097 1878 2169 divinare
1963 2122 2098 2168 non
2164 2102 2360 2170 licuit
2426 2095 2725 2165 donativa
2792 2095 3082 2168 valuisse.
3191 2099 3420 2167 Parum
3483 2099 3779 2188 equidem
3827 2100 4012 2168 arbi··

786 2221 1035 2270 cainam
1098 2201 1367 2290 impensi
1435 2203 1504 2268 ιιι
1568 2201 1695 2272 hoc
1756 2222 2088 2272 numerum
2156 2193 2356 2292 g'enus
2423 2199 2643 2290 trarias
2751 2196 2868 2265 has
2975 2197 3365 2288 conjecturas
3465 2224 3683 2270 moror
3703 2250 3723 2285 ,
3838 2223 4000 2284 cum,

783 2301 1022 2373 laboris
1044 2361 1047 2368 .
1067 2313 1229 2371 tam
1244 2302 1481 2388 seduli,
1555 2314 1770 2393 atque,
1844 2315 1914 2373 ut
1963 2304 2165 2374 videri
2208 2329 2354 2396 pos·
2423 2301 2571 2388 quia
2629 2299 2967 2388 multiplex
3032 2325 3251 2372 eorum
3314 2326 3456 2373 esse
3520 2327 3670 2372 usus
3733 2313 4000 2392 poterat,

784 2406 897 2488 sit,
956 2417 1083 2473 tam
1136 2407 1599 2494 supervacanei.
1689 2409 1768 2474 In
1822 2417 2112 2476 monetae
2176 2431 2356 2486 usum
2422 2413 2551 2471 tum
2614 2404 2761 2492 quia
2825 2424 3015 2471 causa
3075 2408 3308 2490 annexi
3372 2406 3588 2475 annuli
3642 2406 3808 2476 inter
3868 2417 3996 2488 tor·

704 2527 713 2532 ⁴
783 2506 979 2574 fuisse
1018 2518 1330 2594 receptos,
1376 2508 1710 2580 verisimile
1751 2509 1861 2576 vix
1903 2519 2023 2582 est.
2180 2537 2191 2550 ·
2259 2565 2268 2578 .
2428 2527 2583 2595 ques
2637 2506 2879 2593 potius,
2929 2529 3137 2595 quam
3186 2530 3412 2577 numos
3466 2509 3794 2577 referendi
3835 2519 3995 2578 sunt.

772 2598 779 2612 ’
838 2683 845 2690 ,
951 2608 1158 2676 Fuere
1218 2610 1548 2698 antiquarii
1615 2599 1889 2680 nominis
1950 2633 2085 2678 non
2144 2612 2358 2702 vulga·
2425 2608 2611 2675 Alios
2652 2608 2887 2676 similes
2928 2609 3077 2677 vide
3115 2612 3253 2680 aeti
3294 2612 3533 2680 incisos
3571 2612 3641 2680 in
3686 2610 3992 2699 Catalogo

786 2711 906 2794 ris,
963 2714 1070 2800 qui
1111 2712 1261 2782 hos
1291 2711 1560 2800 duplicis
1586 2713 1849 2824 ‘'metalli
1901 2735 2158 2798 numos,
2216 2715 2359 2781 illu-
2401 2709 2748 2793 d’Ennery
2798 2733 2948 2800 pag.
3004 2718 3172 2794 187
3831 2735 3850 2746 ‘

785 2822 949 2879 stres
1007 2836 1160 2882 sane
1213 2836 1289 2880 ac
1345 2813 1758 2906 conspichS,
1825 2837 1966 2884 cum
2020 2817 2359 2886 miserabili
2595 2813 2790 2902 Apud
2842 2814 3102 2882 eosdem
3166 2824 3472 2884 auctores
3520 2809 3797 2905 reperias
3842 2838 3994 2906 quo·

786 2914 1375 2988 Contorniatorum
1423 2938 1612 3005 grege
1696 2918 1909 3008 inique
1993 2919 2358 3006 confudere,
2429 2936 2552 3003 que
2617 2938 2846 2985 aureos
2916 2917 3414 3007 imperatorios
3399 2918 3797 2987 voluminis·
3828 2918 3996 2987 ordi·

787 3038 912 3106 qua
956 3017 1038 3086 de
1078 3020 1302 3109 injuria
1343 3018 1523 3101 vide,
1584 3042 1744 3109 quae
1785 3021 2062 3091 monebo
2115 3024 2183 3090 ιιι
2236 3011 2357 3093 tra·
2425 3018 2615 3100 narii,
2681 3018 2806 3086 hos
2860 3041 3113 3138 quoque
3169 3023 3238 3087 in
3294 3021 3513 3090 orbem
3555 3022 3850 3104 nonnihil
3893 3046 3993 3092 or·

744 3115 750 3122 ’
786 3129 953 3189 ctatu
996 3120 1078 3189 de
1119 3123 1324 3191 numis
1370 3123 1799 3210 Contorniatis
1853 3145 1988 3214 cap.
2044 3126 2095 3194 1.
2275 3157 2283 3164 ·
2423 3130 2636 3191 natum
2652 3170 2676 3206 ,
2718 3123 2837 3189 etsi
2877 3126 3082 3196 minus
3137 3123 3359 3207 latum,
3433 3147 3700 3214 eumque
3759 3126 3995 3194 annulo
4063 3215 4072 3226 ι

1379 3301 1393 3317 ,
1768 3304 1804 3317 ..
2412 3215 2570 3292 item
2653 3225 3028 3329 praefixum,
3122 3235 3486 3315 porrectos,
3599 3228 3682 3296 de
3770 3228 3995 3318 quibus

887 3296 920 3373 5
988 3299 1088 3364 13·
1207 3295 1388 3376 Num
1454 3319 1588 3364 “w'‘
1644 3319 1837 3410 ''am''
1896 3305 2308 3368 mmm
2411 3328 2599 3415 quod
2652 3345 2977 3410 moneam,
3044 3349 3177 3394 non
3229 3328 3437 3396 habeo
3458 3378 3478 3412 ‚
3551 3329 3674 3396 nisi
3731 3351 3846 3399 eos
3901 3329 3995 3397 sic

1410 3407 1771 3484 Wssrffiw
2295 3465 2302 3472 ·
2419 3430 2614 3498 fuisse
2682 3429 3019 3514 formatos,
3067 3439 3167 3506 ut
3227 3449 3311 3498 ex
3375 3427 3755 3522 quocunque
3811 3433 3989 3514 loco,

956 3525 1109 3594 Hoc
1150 3530 1414 3598 articulo
1469 3532 1860 3619 complector
1898 3554 2125 3602 numos
2165 3544 2350 3623 quae·
2421 3530 2555 3598 sive
2598 3540 2854 3604 ornatus
2875 3579 2897 3614 ‚
2967 3534 3103 3601 sive
3154 3532 3444 3605 adfectus
3490 3556 3679 3603 eausa
3730 3557 3991 3636 suspen·

763 3626 1020 3694 *sitieris
1060 3629 1433 3717 elegantiae,
1489 3632 1720 3702 additis
1773 3636 1963 3728 variis
2017 3658 2100 3703 ex
2138 3636 2351 3706 metal-
2420 3630 2733 3700 detentur.
3279 3693 3288 3704 .

656 3735 703 3783 Ἀ
783 3727 854 3796 lo
918 3729 1238 3802 nobiliore
1304 3735 1713 3819 ornamentis,
1794 3759 1983 3825 quae,
2059 3739 2206 3826 quia
2269 3739 2352 3806 ad
2587 3736 2863 3818 Exstant
2925 3738 3110 3806 etiam
3162 3738 3230 3804 in
3290 3740 3521 3806 museis
3589 3741 3765 3808 numi
3811 3743 3990 3808 aenei

783 3852 1113 3903 numerum
1188 3858 1406 3906 causas
1449 3845 1605 3925 'non
1677 3840 2027 3929 pertinent,
2115 3850 2179 3906 et
2243 3840 2350 3908 ab·
2417 3838 2683 3905 inaurati
2724 3849 2788 3907 et
2826 3840 3215 3928 inargentati
3304 3841 3474 3908 Non'
3503 3844 3742 3930 agimus
3769 3843 3854 3911 de
3883 3843 4000 3926 iis,

656 4001 665 4008 .
784 3954 926 4004 esse
964 3927 1285 4026 poterant,
1310 3964 1611 4028 parer-ga
1658 3964 1854 4010 voco.
1940 3943 2046 4010 Ex
2088 3963 2216 4030 quo
2261 3942 2349 4010 fa-
2421 3941 2532 4029 qui
2581 3941 2904 4016 ,moderna
2974 3953 3150 4011 arte·
3188 3943 3346 4013 tales
3423 3954 3614 4039 sunt,
3699 3946 3989 4015 nimirum

785 4036 919 4104 oile·
974 4039 1403 4131 intelligimus,
1492 4054 1783 4135 menetae
1861 4067 1977 4114 eos
2038 4045 2353 4113 rationem
2422 4066 2584 4132 quos
2624 4045 2823 4136 inepti
2876 4067 3283 4134 possessores
3326 4068 3462 4116 ιιοιι
3501 4069 3648 4116 raro
3683 4041 3996 4140 'exemplo

781 4157 915 4209 non
964 4142 1275 4214 habuisse.
2418 4147 2723 4216 volebant
2753 4141 3059 4217 nobilius
3131 4149 3449 4220 metallum
3516 4153 3812 4234 mentiri,
3872 4150 3990 4220 sed

954 4245 1055 4310 In
1072 4247 1207 4321 hac
1246 4248 1446 4316 classe
1496 4250 1701 4339 primo
1756 4249 1908 4318 loco
1961 4252 2351 4354 memorandi
2420 4250 2502 4318 de
2541 4252 2643 4333 iis,
2690 4273 2852 4340 quos
2894 4254 2989 4320 sic
3029 4263 3206 4321 vetus
3251 4275 3354 4321 ars
3382 4255 3646 4321 ornavit.
3734 4254 4004 4322 Horum
4042 4313 4052 4328 .

784 4353 931 4412 sunt
979 4349 1151 4414 aurei
1198 4349 1460 4438 insignis
1498 4352 1903 4420 voluminis
1868 4393 1903 4437 ,
1962 4354 2071 4443 qui
2111 4354 2178 4421 ιιι
2222 4347 2368 4422 am·-
2416 4353 2523 4422 alii
2545 4353 2670 4423 wel
2709 4356 2830 4422 toti
2870 4377 3056 4439 auro,
3112 4366 3451 4481 argentove
3505 4357 3765 4426 obducti
3819 4367 3985 4439 sunt,

924 4562 983 4631 ss
1012 4563 1242 4623 'lom-1.
1279 4588 1334 4637 p·
1370 4566 1459 4625 ⁴⁵.
1592 4569 1651 4638 ι)
1686 4576 1957 4642 pne-178
2093 4573 2159 4642 ιι)
2204 4574 2287 4628 Το
2255 4596 2359 4633 om.
2393 4577 2479 4632 lv,
2514 4595 2566 4646 p.
2601 4577 2718 4630 235.
