4450 5542
51 790 76 1589 -Γμὴ--Τ--Ἦ
55 686 68 775 -
55 556 70 657 -ι-

1565 564 1644 636 ίο
1691 562 1878 677 App
1926 564 1997 637 v
2047 563 2113 633 ‘r
2218 554 2468 687 Χιιιν.

409 725 476 791 in
565 715 864 791 'cudenda
955 733 1215 809 moneta
1315 734 1547 793 certam
1651 726 1986 815 quandam,

406 849 482 892 ac
555 825 681 893 sibi
749 828 1074 916 propriam
1129 818 1477 899 ⁸habuerint
1547 828 1747 916 legem
1768 877 1787 910 ,
1873 850 1988 899 seu

405 923 826 1018 epigraphen*
881 940 1129 1018 spectes
1152 979 1176 1013 ,
1262 934 1522 1019 ejusque
1593 931 1832 998 varium
1904 931 1984 997 si-

402 1041 535 1098 tnm
591 1052 669 1099 ac
719 1032 1012 1116 modum,
1098 1055 1213 1101 sen
1274 1042 1503 1124 typos,
1592 1038 1704 1101 seu
1771 1033 1985 1100 metal-

401 1134 564 1217 lum,
658 1139 919 1224 eiusque
986 1134 1355 1204 mixtionem
1372 1185 1394 1218 ,
1480 1158 1596 1204 seu
1643 1138 1833 1204 ‘numi
1896 1136 1990 1207 di·

405 1258 654 1305 versam
741 1239 1310 1307 conformationem
1337 1288 1356 1321 ,
1474 1260 1603 1306 ,seu
1687 1239 1989 1309 fabricam

403 1340 655 1427 ipsam,
719 1355 903 1409 sen
956 1340 1267 1430 deniqne
1316 1339 1752 1431 qualecunque
1829 1341 1988 1409 illud

411 1428 790 1547 discrimen,
877 1443 1098 1532 qnod
1083 1442 1282 1511 oculi
1338 1444 1537 1531 longo
1592 1466 1710 1512 usu
1763 1442 1991 1513 eruditi

411 1537 621 1623 facile
687 1542 1087 1636 intelligunt,
1127 1564 1142 1591 ⁴-
1189 1547 1305 1614 sed
1391 1547 1555 1616 tradi
1641 1545 1990 1635 praeceptis

409 1649 634 1738 nequit
661 1692 681 1731 ‚
768 1653 864 1717 sic
920 1660 991 1719 nt
1042 1650 1306 1718 harum·
1298 1671 1448 1738 ·ope
1483 1647 1994 1717 differentiarum

405 1773 566 1819 mox
623 1750 932 1836 definias,
1025 1753 1357 1822 Siculusne
1393 1754 1504 1821 'sit
1557 1772 1819 1833 numus,
1909 1752 1994 1820 an'

391 1855 731 1938 Creticus,
808 1877 890 1923 an
939 1857 1364 1945 Aegyptinss
1400 1878 1618 1924 omne
1639 1855 1809 1923 istud
1865 1855 1992 1923 dis·

403 1958 642 2025 crimen
725 1966 855 2027 tam
942 1961 1217 2042 varium,
1307 1982 1382 2026 ac
1451 1959 1785 2049 multiplex
1856 1980 1992 2025 non

401 2060 534 2127 alia
603 2060 849 2129 felicius
920 2064 1168 2131 ratione
1237 2062 1513 2151 perspici
1532 2111 1554 2144 ,
1639 2071 1826 2149 atque
1895 2058 1990 2128 ιιι-

399 2163 604 2251 telligi
662 2174 912 2257 potest,
986 2187 1172 2254 quam
1226 2165 1284 2230 si
1336 2166 1541 2246 numi,
1595 2169 1768 2253 ‘quos
1821 2162 1990 2230 idem

401 2265 615 2333 natale
684 2266 896 2333 solnm
960 2266 1036 2332 in
1081 2267 1288 2334 lucem
1343 2265 1521 2333 dedit
1544 2314 1563 2347 ,
1650 2266 1773 2332 situ
1839 2286 1989 2353 quo-

407 2384 535 2457 que
604 2374 1079 2456 conjungantur.
1210 2371 1307 2437 Ea
1374 2368 1654 2455 ejusdem
1709 2367 1988 2454 regionis

403 2492 743 2540 numerum
797 2472 1245 2538 ‘contentione
1327 2471 1557 2537 factum
1586 2454 1644 2552 ‚⁸
1707 2480 1777 2537 ιιι
1862 2491 1987 2536 ma·-

399 2589 570 2663 gnus
615 2574 1056 2655 'Pellerinius,
1147 2574 1255 2663 qui
1321 2595 1402 2640 eo
1478 2570 1754 2641 consilio
1823 2570 1988 2638 forte

395 2680 692 2767 primus
719 2679 812 2744 nti
883 2678 1162 2767 coepit
1121 2725 1141 2758 ,
1229 2683 1517 2764 magnam
1590 2685 1826 2765 partem
1888 2684 1989 2743 tot

397 2782 478 2848 in
539 2800 614 2848 re
677 2768 1110 2849 mimismatica
1175 2781 1552 2868 aenigmata,
1640 2800 1801 2868 quae
1868 2798 1985 2845 suo

395 2884 717 2971 hactenus
783 2884 1042 2973 Oedipo
1103 2902 1389 2964 caruere,
1475 2880 1832 2950 incredibili
1897 2881 1988 2947 fe-

387 2986 650 3057 licitam
745 3008 821 3053 ac
911 2987 1298 3082 perspicacia
1389 2984 1750 3072 explicaret·
1878 2980 1988 3048 Ad

401 3092 554 3175 ejus
611 3088 730 3156 viri
777 3090 1180 3157 institutum
1204 3089 1298 3155 sic
1363 3086 1716 3156 universam
1778 3084 1986 3152 distri·

403 3188 748 3258 hunonis«
782 3190 1110 3258 rationem*
1175 3182 1782 3258 adcommodandam
1854 3187 1984 3255 cxi-

398 3291 638 3375 stimO,
725 3302 796 3360 ut
853 3293 956 3371 fias
1016 3303 1226 3360 tamen
1279 3302 1533 3383 putem,
1578 3293 1702 3361 -ab
1772 3312 1851 3358 eo
1918 3291 1986 3359 in

397 3394 746 3463 nonnullis
830 3394 1173 3509 discedere.
1306 3394 1473 3461 Nam
1542 3389 1838 3482 primnm'
1877 3414 1988 3460 nu-

301 3473 308 3479 ’
395 3518 552 3567 mos
651 3516 868 3589 regum
966 3496 1044 3564 iis
1139 3497 1503 3583 regionibns
1601 3502 1990 3585 conjungere

398 3592 589 3682 amo}
681 3599 909 3687 quibus
996 3600 1516 3688 Mperitabann’
1563 3600 1792 3670 deinde
1876 3621 1987 3668 nn·

395 3703 544 3769 miti
621 3688 1008 3788 singularum
1092 3703 1380 3784 urbium,
1471 3725 1631 3792 quos
1720 3713 1986 3772 autono-

395 3824 556 3873 mon
637 3818 939 3873 vocamus
957 3853 978 3888 ,
1025 3809 1386 3889 ,continno
1453 3808 1723 3894 subjicio
1812 3807 1983 3927 illoS,

395 3926 578 3997 ques
650 3907 912 3977 eaedem
977 3908 1171 3976 urbes
1243 3931 1386 3979 sen·
1424 3909 1717 3979 coloniae
1786 3908 1986 3978 nomi·

389 4025 530 4092 ne,
611 4031 729 4079 seu
794 4009 1036 4101 absque
1097 4011 1300 4095 hoc,²⁴
1347 4020 1506 4101 cnm-
1542 4013 1986 4103 imperatorum

389 4108 620 4201 &gie
661 4113 1011 4212 signavere.
1104 4115 1256 4182 Hoc
1311 4115 1538 4184 ordine
1589 4138 1778 4183 unum
1822 4117 1988 4187 Har·-

391 4214 705 4298 hm,
775 4215 982 4306 quod
1006 4217 1162 4284 mihi
1217 4228 1493 4301 constet,
1560 4219 1629 4285 in
1681 4218 1810 4289 snis
1868 4241 1981 4308 po·

391 4308 707 4409 inhn'm
777 4328 844 4386 et
908 4320 1156 4389 urbium
1229 4322 1432 4389 numis
1505 4343 1686 4388 nsum
1771 4321 2004 4406 video,

391 4440 552 4489 m
617 4440 740 4489 eos
763 4422 908 4489 alii
965 4424 1035 4490 in
1100 4433 1418 4513 separatas
1485 4424 1720 4493 classes
1785 4428 1982 4513 conji-

389 4532 656 4607 m,
745 4544 860 4591 sen
945 4524 1364 4609 coloniarum,
1453 4549 1566 4609 sen
1651 4549 1983 4597 numorum

387 4624 474 4694 h
544 4624 812 4737 tri-bibus
875 4628 1119 4697 Graece
1183 4626 1588 4720 loquentibus
1660 4650 1800 4701 cum
1843 4630 1981 4699 im·

3375 578 3625 634 (mxxxl
3668 588 3678 601 ⁸

2056 724 2404 812 petentium
2470 721 2675 810 effigie
2741 723 3142 812 signatorum.
3275 722 3453 792 Nolo
3494 692 3624 809 ‘liic

2043 821 2387 893 'adversum
2449 841 2565 893 eos
2587 875 2606 909 ,
2697 826 2920 915 quibus
2974 826 3133 892 hae‘c
3183 825 3291 892 lex
3342 826 3623 916 praepla-

2056 927 2214 1008 cnit‚
2302 929 2673 1015 iniquiorem
2759 928 2922 997 ferre
2995 946 3317 997 censuram
3335 979 3353 1012 ,
3441 931 3625 999 tacile

2054 1040 2263 1099 tamen
2351 1029 2635 1123 adducor
2654 1081 2723 1114 ‚‚
2788 1043 2858 1098 nt
2944 1031 3239 1113 credam,
3284 1030 3625 1105 eruditos

2057 1134 2179 1202 hos
2246 1126 2418 1200 viros
2486 1136 2683 1223 magis
2746 1142 2924 1203 vetus
2986 1098 3362 1275 institutum,
3448 1134 3628 1223 quod
3738 1224 3747 1233 ἢ
3814 1100 3829 1107 “
3860 1158 3886 1215 '.

2056 1258 2189 1305 non
2255 1248 2502 1324 semper
2571 1239 2872 1327 optimum
2938 1246 3072 1317 est,
3103 1257 3344 1324 quam
3415 1259 3628 1305 veram

2056 1341 2383 1408 utilitatem
2426 1372 2445 1393 ·
2470 1351 2724 1407 secutos
2750 1391 2767 1423 ,
2858 1362 2998 1406 cnm
3018 1389 3037 1423 ,
3128 1338 3433 1428 quidquid
3519 1340 3677 1437 ad·-

2057 1442 2205 1511 ferri
2276 1442 2523 1533 possit,
2612 1443 3027 1510 indubitatum
3099 1443 3219 1525 sit,
3268 1462 3627 1530 argumen-

2059 1556 2187 1614 tum
2211 1595 2279 1630 ,
2362 1545 2537 1635 quod
2621 1554 2832 1635 partes
2926 1567 3183 1635 aversae
3284 1545 3625 1628 continent,

2056 1670 2202 1717 raro
2267 1671 2407 1716 cum
2469 1647 2987 1738 imperatoribus,
3078 1668 3240 1736 quos
3303 1648 3727 1733 exhibent„

2058 1746 2175 1821 sed
2249 1742 2388 1821 cum
2458 1754 2597 1841 ipsa
2667 1752 2841 1819 urbis
2913 1750 3211 1832 historia,
3300 1750 3625 1839 religione,

2059 1856 2211 1939 situ,
2274 1855 2536 1942 aliisque
2591 1836 3000 1944 peristasibns
3056 1853 3421 1942 plerumque
3475 1876 3625 1921 con·

2056 1961 2244 2027 necti.
2372 1957 2662 2046 Denique
2714 1956 3065 2024 insularum
3114 1964 3374 2037 numos»,
3465 1978 3626 2044 quoa

2056 2062 2123 2148 in
2191 2069 2540 2149 separatam
2606 2061 2830 2127 seriem
2882 2061 3169 2148 conjecit
3232 2058 3624 2142 Pellerinius,

2058 2165 2379 2253 conjungo
2448 2184 2588 2229 cum
2654 2161 3050 2249 regionibus,
3140 2161 3364 2249 quibus
3427 2161 3622 2229 maxi·

2057 2286 2159 2330 me
2228 2263 2405 2330 fuere
2473 2266 2745 2346 vicinae,
2835 2266 2979 2354 qnia
3049 2263 3414 2354 plerumque
3479 2286 3625 2341 ean·

2057 2365 2201 2433 dem
2256 2388 2395 2441 cum
2440 2366 2574 2434 illis
2628 2367 2828 2455 legem
2893 2369 2962 2436 in
3023 2366 3310 2435 feriunda
3372 2378 3624 2491 moneta
3692 2382 3705 2387 ’
3766 2338 3775 2351 ’

2056 2480 2300 2537 secutas
2344 2468 2552 2537 video.
3122 2531 3134 2547 ,

2228 2560 2524 2661 Sequitur
2563 2595 2713 2662 pars
2755 2574 2899 2656 11.,·
2932 2574 3066 2641 sive
3108 2594 3269 2661 quae
3311 2585 3625 2663 monetam

2054 2675 2491 2743 Romanorum
2544 2666 3001 2764 complectitur
3099 2676 3175 2742 In
3231 2677 3353 2745 hac
3401 2694 3623 2765 agmen
3718 2672 3727 2683 ’

2056 2777 2292 2847 ducunt
2348 2781 2555 2861 numi,
2644 2800 2805 2866 quos
2861 2779 3188 2845 consulum
3242 2790 3413 2867 aetas
3465 2781 3621 2848 tule-

2052 2891 2177 2963 rat,
2267 2879 2383 2948 sed
2447 2880 2527 2948 de
2592 2902 2856 2968 quorum
2930 2880 3349 2969 dispositione
3414 2881 3624 2949 dicere

2055 2983 2215 3050 nihil
2269 2983 2505 3057 attinet.
2606 2981 2771 3049 Nam
2825 3005 2968 3049 cum
3019 3003 3225 3069 neque
3279 2983 3621 3059 chronolo-

2053 3088 2185 3174 gia,
2254 3106 2457 3173 neque
2512 3080 2884 3174 opportunis
2938 3084 3183 3171 legibus
3243 3084 3382 3151 aliis
3441 3086 3624 3173 ligari

2054 3191 2334 3279 possint,
2400 3185 2524 3254 nisi
2579 3187 2959 3274 conjecturis
3010 3209 3143 3255 non
3201 3185 3476 3256 ferendis
3529 3190 3621 3257 in·

2043 3291 2335 3380 ‘dulgeam
2380 3290 2701 3380 sequenda
2745 3291 3057 3373 omnin0,
3081 3290 3136 3356 si
3180 3292 3407 3379 sapias,
3452 3312 3622 3359 recc-

2055 3405 2165 3483 pta
2218 3394 2411 3476 ratio,
2469 3415 2629 3483 quae
2683 3414 2908 3461 numos
2967 3393 3308 3464 secundnm
3348 3398 3625 3483 gentium

2054 3488 2477 3565 Romanarum
2562 3497 2820 3564 nomina
2889 3496 3299 3587 Ρειεεςιιιιιιις
3432 3498 3625 3568 Aliud

2058 3600 2142 3667 de
2180 3601 2622 3687 imperatorum
2652 3608 2921 3669 moneta
2951 3602 3276 3688 Judicinm.
3360 3600 3367 3607 “

2226 3703 2323 3771 In
2346 3702 2467 3769 hac
2511 3703 2749 3793 duplex
2792 3706 3092 3773 hactenns
3137 3708 3469 3774 observata
3497 3705 3621 3773 lex.

2056 3807 2235 3874 0000
2292 3813 2354 3872 et
2394 3803 2860 3875 Mediobarbus
2918 3830 3063 3877 eam
3110 3809 3435 3896 praeclaro
3489 3809 3620 3895 qui·

2053 3907 2197 3975 dem
2262 3906 2533 3976 consilio
2588 3930 2704 4000 per
2759 3910 3186 3977 Romanorum
3247 3910 3445 3977 fastos
3511 3909 3620 3977 du-

2051 4031 2236 4127 xere,
2292 4034 2508 4079 verum
2563 4011 2733 4081 istud
2786 4011 3106 4099 plerisque
3157 4012 3488 4079 molestum
3518 4008 3667 4098 ju·

2050 4134 2124 4181 re
2166 4112 2396 4195 visum,
2444 4113 2618 4201 q'nod
2663 4113 3036 4199 conjecturis
3080 4115 3334 4180 nimium
3381 4114 3619 4199 darent,

2051 4236 2405 4303 numosqne
2468 4217 2642 4282 omni
2710 4226 2867 4305 nota¹
2924 4217 3379 4307 chronologica
3434 4217 3620 4289 desti·

2051 4328 2222 4385 tutos
2243 4367 2264 4402 ,
2349 4318 2567 4406 quales
2631 4340 2764 4386 non
2815 4341 3055 4409 pancos
3110 4322 3384 4433 reperias
3435 4324 3622 4391 etiam

2049 4421 2253 4510 prima
2296 4419 2631 4489 Caesarum
2686 4428 2886 4490 aetate
2900 4472 2921 4506 ,
2978 4423 3173 4491 inde
3178 4448 3333 4493 vero
3388 4448 3426 4491 a
3466 4426 3619 4493 Gal·

2049 4524 2222 4592 lieno
2240 4523 2403 4590 *fere
2445 4546 2696 4610 omnes,
2756 4516 2932 4593 nulla
2958 4526 3332 4614 opportuna
3371 4528 3618 4599 ratione

2049 4650 2126 4696 ac
2169 4626 2441 4697 consilio
2495 4629 2685 4698 certis
2736 4631 2915 4696 annis
2956 4628 3286 4717 illigarent.
3372 4621 3625 4719 Despe-
