4450 5542
756 2661 763 2666 ·
830 2631 967 2711 ejus
1024 2634 1366 2706 monetam,

806 541 1026 594 Lxxvl

811 689 1235 768 contemptor,
1301 700 1432 746 non
1494 675 1880 760 mirabimur,
1947 701 2173 767 passos
2233 700 2370 760 eos,

809 793 1099 852 monetae
1166 804 1314 849 suae
1383 782 1641 848 inscribi
1692 781 1910 848 titulos
1967 782 2244 849 laudum·
2286 781 2374 846 fa·

811 881 1115 968 stu'osos,
1157 896 1263 951 aut
1310 884 1707 952 humanitatis
1766 883 2021 951 modum
2067 882 2374 951 exceden-

810 1002 924 1058 tes.
1010 989 1230 1075 Atque
1293 986 1450 1056 haec
1506 1007 1645 1054 cum
1701 986 2097 1054 admitterent
2147 987 2374 1073 princi·

814 1113 979 1180 pes„
1034 1112 1113 1157 an
1187 1101 1524 1178 propterea
1601 1090 1745 1155 vani
1815 1101 2000 1177 atque
2076 1098 2373 1169 amenteS,

814 1217 889 1260 ac
922 1211 1087 1259 'non
1150 1192 1362 1280 potius
1392 1193 1690 1273 ‘versuti,
1753 1193 2095 1279 artiumque
2161 1192 2376 1279 politi-

817 1301 1023 1363 carum
1077 1292 1283 1381 probe
1314 1296 1547 1379 gnari,
1608 1316 1747 1364 cum
1800 1296 2073 1375 scirent,
2121 1294 2377 1380 objecto

817 1395 1154 1466 divinitatis
1207 1396 1462 1464 nomine
1515 1395 1896 1484 populorum
1959 1397 2200 1463 intendi
2267 1397 2380 1465 ob·

818 1499 1219 1582 servantiam,
1261 1499 1830 1588 reverentiamque?
1916 1500 2088 1587 Lege
2131 1501 2213 1566 de
2255 1499 2386 1566 hoc

750 1603 761 1608 “
821 1605 1187 1689 argumento
1272 1602 1654 1687 Tacitum·).
1750 1603 1926 1689 Ergo
2015 1613 2079 1670 et
2164 1623 2382 1683 vanus,

589 1688 604 1700 ’
728 1754 734 1759 -
796 1711 1158 1802 ⁴amensque
1216 1706 1504 1786 Severus,
1574 1704 1672 1771 vir
1733 1721 1884 1770 sane
1952 1703 2247 1771 cordatus
2323 1713 2388 1772 et

821 1807 1207 1875 dexteritatis
1275 1807 1591 1893 cognitae,
1683 1829 1855 1890 cum,
1944 1808 2118 1895 quod
2187 1807 2385 1878 multo

819 1910 1018 1998 magis
1070 1883 1444 1992 mirandum,
1501 1907 1805 1976 obscurae
1859 1910 1997 1998 ipse
2052 1908 2389 1997 prosapiae

821 2012 919 2083 M.
960 2012 1202 2094 Aurelii
1254 2035 1323 2080 se
1365 2011 1556 2078 filium
1610 2020 1706 2077 est
1747 2010 2071 2099 professus
2116 2034 2201 2077 ex
2246 2033 2387 2078 cau·

722 2173 730 2184 .
825 2116 944 2198 sis,
1010 2136 1165 2203 quas
1219 2115 1285 2181 in
1338 2119 1472 2200 eJus
1535 2114 1837 2204 principis
1892 2124 2149 2182 moneta
2200 2136 2400 2210 expe-b

827 2217 1129 2288 diemus..

842 2339 849 2346 ·
990 2318 1310 2387 Relictam
1382 2320 1694 2406 Augustis
1776 2320 1943 2402 auri,
2034 2317 2396 2407 argentique

744 2507 755 2510 -
818 2427 928 2509 jus
989 2444 1179 2511 supra
1244 2443 1327 2488 ex
1391 2421 1604 2502 Dione
1670 2421 2077 2490 stabilivimus
2093 2471 2113 2505 ,
2188 2421 2395 2510 perhi-

826 2525 1050 2606 bente,
1137 2532 1418 2590 senatum
1495 2523 1817 2610 Caligulae
1904 2524 2057 2591 odio
2148 2543 2399 2592 omnem

1453 2623 1571 2690 sed
1642 2646 1897 2692 aeneam
1948 2636 2205 2694 tantum
2224 2676 2243 2709 ,
2333 2626 2401 2691 in

834 2738 1020 2815 quain
1083 2747 1309 2816 nempe
1369 2743 1555 2793 unam
1618 2727 1680 2793 ei
1732 2732 1839 2813 Jus
1915 2728 2067 2812 fuit,
2139 2728 2399 2796 conflari

776 2887 781 2890 .
823 2831 1108 2916 jussisse.
1182 2825 1530 2896 Molestum
1574 2830 1742 2898 hunc
1784 2830 2020 2900 nodum
2065 2833 2156 2899 sic
2197 2832 2398 2920 expli·

837 2954 981 3000 care
1042 2942 1241 3000 tentat
1298 2927 1681 3009 Morcellus:
1766 2935 2090 3022 quoniam,
2174 2931 2398 3024 inquit,

840 3035 1160 3124 Caligulae
1235 3036 1406 3109 numi
1481 3037 1690 3119 aenei,
1792 3047 1856 3103 et
1925 3033 2176 3127 quidem
2249 3059 2402 3125 prae

840 3141 1081 3223 aureis,
1116 3139 1594 3227 -argenteisque
1680 3136 2035 3222 abundant,
2126 3151 2404 3228 apparet,

726 3303 743 3310 -
839 3265 880 3308 a
916 3250 1141 3314 senatu
1180 3262 1314 3310 non
1354 3243 1422 3307 in
1465 3245 1601 3328 ejus
1648 3251 1960 3320 monetam
2004 3261 2262 3312 aeneam
2306 3266 2406 3311 or-

790 3427 793 3430 ,
843 3342 1143 3412 dinariam
1200 3345 1538 3427 saevitum,
1589 3344 1707 3412 sed
1765 3346 1833 3410 in
1890 3364 2115 3412 numos
2171 3367 2406 3415 aeneos

842 3447 1097 3514 maximi
1157 3445 1428 3528 moduli,
1496 3467 1657 3534 quos
1720 3468 1884 3514 unos
1951 3448 2037 3512 ait
2100 3470 2139 3513 a
2190 3450 2407 3516 Dione

843 3548 1105 3614 nomine
1139 3568 1550 3632 νομισματος
1586 3570 1705 3613 του
1743 3550 1993 3633 χαλκου
2026 3550 2284 3616 notari.-
2309 3549 2407 3614 Re

672 3663 703 3733 Γ
790 3669 1021 3725 ·vera,
1085 3649 1319 3744 inquit,
1376 3648 1676 3716 hactenus
1744 3648 1906 3717 duos
1971 3660 2208 3718 tantum
2273 3655 2407 3736 ejus

847 3752 1096 3839 generis
1150 3772 1373 3820 numos
1408 3749 1755 3837 Caligulae
1802 3754 1872 3818 in
1925 3752 2230 3840 catalogis
2277 3752 2408 3819 vul-

848 3864 1063 3943 gatos,
1130 3876 1320 3922 unum
1386 3854 1453 3920 in
1516 3855 1734 3921 museo
1797 3853 2118 3941 Theupoli
2131 3903 2151 3936 ,
2224 3853 2416 3920 alium

849 3959 918 4024 in
971 3979 1191 4034 museo
1234 3956 1628 4028 Florentino,
1714 3956 1935 4023 Minus
1986 3971 2226 4045 aequus
2263 3978 2418 4023 suae

851 4060 1051 4149 ipsius
1114 4082 1342 4131 causae
1404 4069 1707 4148 patronus
1779 4058 1896 4125 fuit
1959 4057 2053 4124 vir
2096 4057 2418 4153 ⁸eruditus,

855 4177 1000 4228 nam
1065 4173 1129 4229 et
1192 4173 1536 4254 utrumque·
1584 4161 1752 4230 hunc
1806 4162 2115 4230 maximae
2181 4159 2421 4230 formae

857 4281 1110 4330 numum
1164 4275 1414 4351 poterat
1466 4264 1812 4354 negligere,
1878 4274 1943 4332 et
2007 4262 2266 4355 quidem¹
2311 4286 2421 4331 nu·

860 4379 1027 4460 mum
1081 4364 1617 4453 Theupolianum,
1675 4368 1823 4457 quia
1874 4389 1958 4435 ex
2009 4367 2421 4436 contorniatis

985 4583 1045 4650 e)
1083 4586 1220 4638 Anu.
1254 4586 1338 4638 lv,
1372 4586 1456 4642 ³7.
1492 4591 1573 4642 38.
1708 4584 1760 4655 s)
1792 4589 1853 4642 1..
1889 4588 2143 4643 Lxxvu.
2180 4583 2336 4659 §42

1726 515 2554 636 PROLEGOMENA
2536 489 3109 590 GENERALIA.
3165 457 3170 460 ⁸

2413 685 2602 745 'unus
2658 689 2784 758 est,
2842 688 2904 744 et
2956 679 3158 745 tribus
3211 676 3372 743 adeo
3439 677 3687 743 circiter
3740 665 4012 744 saeculis
4069 733 4086 744 .

2442 791 2592 870 post
2690 773 3056 866 Caligulam
3136 781 3446 868 signatae,
3547 778 4012 862 Florentinum,

2446 885 2593 971 quia
2644 893 2708 950 et
2758 894 3085 969 argenteus
3140 893 3268 966 est,
3336 893 3400 951 et
3437 884 3768 963 Graecus,
3845 903 4013 948 com·
4061 881 4084 888 “

2444 986 2625 1052 matis
2691 984 2854 1052 adeo
2917 987 3262 1084 peregrini,
3341 1008 3473 1052 non
3539 986 3880 1074 Romam,·
3916 984 4014 1050 sic

2446 1099 2514 1154 ut
2564 1109 2646 1155 ne
2698 1095 2886 1155 unum
2949 1088 3200 1178 quidem
3259 1110 3517 1164 aeneum
3581 1091 3716 1173 ejus
3773 1086 4014 1153 moduli

2449 1212 2585 1257 cum
2649 1190 2977 1278 Caligulae
3043 1187 3249 1278 effigie
3312 1192 3653 1258 habeamus
3720 1189 4011 1275 supersti-

2448 1303 2601 1377 tem,
2671 1296 2777 1382 qui
2832 1305 3067 1362 aut·eo
3123 1295 3303 1376 viv0,
3373 1302 3479 1360 aut
3521 1294 3588 1357 in
3631 1291 3796 1364 urbe,
3831 1301 4015 1358 cusus
4063 1374 4080 1380 ς

2448 1397 2551 1466 sit.
2637 1397 2725 1462 At
2777 1419 2929 1463 vero
2985 1398 3040 1463 si
3093 1398 3184 1463 sic
3238 1393 3566 1485 capienda,
3596 1415 3736 1462 esse
3787 1393 4042 1463 Dionis!

2450 1499 2645 1567 verba
2704 1500 3015 1567 existimat
3071 1498 3456 1581 Morcellus,
3483 1551 3494 1566 .
3525 1497 3700 1586 quia'
3736 1496 3843 1583 vix
3911 1517 4019 1563 ex·

2453 1611 2578 1669 stat
2662 1624 2885 1670 numus
2957 1603 3276 1690 Caligulae
3363 1601 3670 1670 maximae
3715 1648 3742 1654 -
3756 1599 4018 1680 formae,

2454 1713 2722 1774 necesse'
2787 1716 2886 1773 est
2966 1715 3268 1787 statuere,
3344 1714 3593 1771 senatus
3679 1702 3892 1769 odium
3953 1701 4030 1767 in‘

2456 1830 2673 1875 omnes
2726 1810 3040 1896 principes
3112 1807 3263 1874 inde
3326 1807 3407 1874 ab
3473 1808 3760 1892 Augusto
3824 1824 4026 1892 usque

2457 1909 2540 1977 ad
2581 1912 2918 1997 Trajanum
2981 1911 3332 1996 flagrasse,
3388 1911 3534 1998 quia
3597 1908 3733 1974 fere
3797 1906 4028 1992 horum

2458 2014 2733 2079 omnium
2831 2012 3130 2080 deficiunt
3230 2014 3399 2078 numi
3496 2011 3674 2077 aenei
3768 2007 4027 2077 maximi

2457 2114 2701 2183 moduli
2763 2115 3005 2181 Romae
3071 2116 3325 2202 signati,
3398 2112 3589 2202 quod
3645 2117 3779 2198 jam
3863 2112 4034 2191 inter

2457 2233 2682 2302 ‚omnes
2737 2219 2886 2284 artis
2939 2229 3195 2284 nostrae
3252 2218 3493 2304 peritos
3554 2216 3706 2284 satis
3762 2207 4027 2288 constat.

2468 2320 2660 2400 Quod
2725 2343 2876 2388 vero
2935 2341 3067 2387 non
3133 2320 3423 2386 obstante
3485 2329 3739 2390 senatus
3796 2317 4032 2397 edicto,

2465 2423 2613 2505 etsi,
2670 2421 2842 2513 quod
2897 2423 3124 2489 eodem
3167 2422 3320 2488 loco
3363 2420 3762 2514 additfflio,·
3802 2417 4032 2486 effectu
4101 2449 4114 2454 ·
4235 2421 4254 2426 “

2467 2545 2601 2591 non
2643 2525 2869 2612 caruit,
2915 2525 3088 2592 obvii
3130 2535 3338 2592 tamen
3380 2523 3701 2612 hodieque
3744 2523 3869 2589 sint
3911 2521 4042 2588 Cam

2467 2626 2697 2714 ligulae
2750 2629 2920 2692 numi
2975 2627 3184 2711 aenei,
3249 2628 3318 2694 in
3373 2648 3558 2693 causa
3610 2625 3780 2692 haud
3842 2622 4034 2691 dubie

2467 2739 2594 2813 est,
2647 2730 2872 2817 partim
2927 2730 3074 2817 quia
3128 2729 3220 2796 ira
3255 2730 3328 2796 in
3371 2735 3604 2797 numos·
3640 2736 4029 2816 praesentem

2468 2842 2532 2900 et
2582 2828 2698 2920 qui
2747 2830 2970 2899 redimi
3011 2831 3196 2898 facile
3245 2842 3569 2920 poterant,
3634 2829 4029 2909 desaevierit,

2468 2945 2696 3022 eaque,
2756 2943 2825 3001 ut
2879 2934 2976 3018 fit,
3037 2934 3359 3023 paullatim
3415 2934 3827 3016 deferbuerit,
3891 2953 4035 3022 par·

2467 3039 2610 3120 tim,
2676 3037 2822 3125 quia
2878 3038 3080 3126 sparsi
3134 3043 3270 3123 jam
3322 3046 3462 3104 toto
3532 3036 3797 3125 imperio
3865 3033 4038 3102 numi

2469 3142 2835 3228 imperatum
2921 3142 3178 3210 exitium
3250 3135 3434 3206 facile
3508 3140 3820 3207 vitavere:
3911 3138 4037 3216 Te·

2470 3253 2674 3311 stante
2757 3243 2980 3310 iterum
3065 3243 3277 3316 Dione
3305 3242 3390 3327 ‘),
3478 3264 3687 3331 eoque
3775 3260 4040 3321 coaevo,

2475 3344 2796 3412 Caracalla
2885 3331 3096 3411 fratris
3187 3346 3387 3410 Getae
3482 3344 3637 3411 odio
3725 3351 4044 3411 monetam
4069 3387 4104 3400 ‚

2467 3450 2607 3531 ejus
2674 3444 3000 3526 conflavit,
3068 3466 3184 3511 an
3213 3467 3366 3512 vero
3423 3447 3759 3534 impetrare
3811 3446 4042 3534 potuit,

2473 3558 2544 3615 ut
2594 3567 2726 3614 non
2777 3548 2847 3614 in
2902 3541 3071 3612 hunc
3134 3567 3334 3635 usque
3390 3547 3555 3616 diem
3614 3550 3811 3618 Getae
3868 3549 4044 3616 numi
4119 3623 4144 3636 q

2474 3651 2542 3715 in
2583 3652 2784 3718 omni
2797 3643 3053 3718 m‘etallo
3100 3648 3466 3717 abundent?
3607 3717 3618 3730 ,

2646 3754 2856 3844 Atque
2916 3762 2986 3818 ut
3035 3752 3315 3839 longiori
3379 3752 3800 3844 disquisitioni
3857 3753 4048 3821 finem

2488 3854 2757 3943 denique
2819 3855 3169 3942 imponam,
3257 3856 3407 3920 satis
3470 3878 3618 3924 reor
3681 3857 3810 3940 his,
3887 3877 4050 3944 quae

2488 3958 3000 4041 commemoravi,
3103 3959 3476 4045 argumentis
3562 3959 3894 4034 stabilitam
3955 3949 4050 4024 xii·

2489 4057 2627 4128 deri
2677 4059 2874 4141 hanc,
2949 4059 3031 4127 de
3083 4082 3207 4148 qua
3268 4062 3542 4145 agimus,
3600 4062 3762 4128 inter
3821 4061 4066 4149 princi-'-

2489 4183 2602 4250 pes
2660 4171 2725 4229 et
2766 4173 3046 4232 senatum
3100 4161 3194 4230 rei
3236 4163 3614 4234 monetariae
3655 4163 4051 4246 divisionem,

2490 4275 2679 4354 atque
2739 4265 2909 4332 hunc
2956 4270 3066 4352 jus
3129 4286 3308 4334 suum
3368 4253 3602 4336 insono
3673 4268 3740 4333 S.
3765 4295 3776 4304 ‘
3803 4268 3881 4336 C.
3937 4287 4051 4332 vo·

2490 4366 2686 4436 luisse
2770 4367 3051 4434 indicari.
3165 4369 3506 4435 Enimvero
3582 4390 3721 4436 cum
3784 4378 4052 4461 constet,

3787 4524 4054 4536 m*-
