4450 5542
740 426 847 488 »”ι

816 535 1050 589 01.th
1540 603 1555 612 υ
1719 509 2463 586 PROLEGOMENA
2514 485 3088 587 GENERALIA.

708 682 713 686 ’
818 673 1077 747 libellus
1141 676 1247 744 hic
1321 674 1596 742 omnium
1660 673 1951 740 manibus
2015 672 2393 757 volveretur,
2461 673 2678 751 mitto,
2721 667 2862 764 qui
2900 675 3054 742 olim
3096 672 3178 742 ad
3221 674 3525 744 Bandurii
3565 674 4028 744 Bibliothecam
4081 743 4098 755 ,

696 781 703 806 “
820 783 1017 851 multa
1071 789 1278 847 tamen
1320 779 1597 845 inessent
1638 775 2047 863 corrigenda,
2114 787 2222 843 aut
2254 780 2397 860 jure
2460 777 2947 846 continuandam
2989 778 3259 850 animum
3299 777 3614 870 adJiciet.

820 880 1375 982 reprehendenda,
1493 902 1724 947 novam
1810 884 1948 964 ejus
2033 879 2394 958 editionem,
2495 911 2512 932 r

823 967 941 1053 sed
989 983 1382 1058 dissimulato
1426 985 1683 1048 nomine
1725 1005 1877 1064 suo,
1931 982 1996 1046 in
2040 981 2243 1047 lucem
2288 980 2394 1046 de·
2598 945 2781 1014 XXI·
2866 950 3327 1022 ANSELMVS
3374 945 3882 1020 BANDVRIVS'

820 1088 916 1155 dit
952 1090 1045 1155 vir
1088 1089 1154 1155 iri
1198 1085 1590 1174 philologiae
1619 1083 1843 1149 studiis
1890 1083 2150 1168 insignis
2192 1083 2395 1149 famae
2632 1086 3008 1176 Ναῃώηιαὺα
3112 1077 3565 1170 imperator-uss·
3623 1086 4027 1150 Romarm

726 1273 737 1280 .
819 1189 1140 1278 Josephus
1198 1188 1281 1254 de
1323 1186 1581 1256 Bimard
1624 1185 1688 1251 la
1718 1185 1974 1266 Bastie,
2033 1190 2208 1273 quus
2253 1186 2394 1252 titu-
2459 1208 2505 1252 α
2560 1186 2822 1268 stajano
2877 1178 3058 1256 Decio
3106 1192 3192 1253 ad
3245 1189 3646 1271 Pamdogoe
3697 1190 4024 1270 Aug-ame.

760 1309 775 1324 ⁸
817 1293 943 1360 lus:
2456 1289 2725 1356 maiae
2769 1294 2957 1359 1718.
3010 1292 3176 1355 Tomi
3213 1291 3300 1356 Π.
3342 1279 3564 1373 iizfol.

991 1391 1087 1459 La
1165 1398 1388 1458 sciense
1459 1395 1563 1458 des
1636 1369 1965 1457 Mddmues.
2107 1387 2394 1454 Nowelle
2613 1369 2996 1458 -Materiam
3047 1391 3188 1479 ipse
3241 1391 3455 1457 titulus
3498 1391 3648 1458 satis
3691 1388 4024 1476 eloquitur.

819 1499 1033 1564 &ration
1110 1517 1253 1563 avec
1328 1499 1473 1562 des
1504 1513 1844 1577 remur-ques
1922 1494 2268 1575 historiques
2335 1500 2393 1556 d
2458 1492 2712 1560 Gratiae
2763 1473 3100 1562 habendae
3133 1493 3318 1570 viro
3344 1495 3780 1572 ornatissimo,
3848 1489 4028 1578 quod

822 1607 1120 1685 erit-*qum
1208 1599 1393 1662 Paris
1434 1600 1622 1664 1739.
1720 1598 1922 1661 Tomos
1965 1596 2048 1660 11.
2094 1599 2159 1668 in
2192 1596 2261 1660 8
2457 1596 2820 1683 patientiam
2902 1615 3077 1663 suam
3149 1559 3626 1686 comprobavit
3651 1592 4029 1680 colligendis

817 1705 1027 1790 Atque
1094 1699 1162 1764 hi
1206 1695 1489 1764 Blmfll'di
1553 1696 1985 1763 commentarii
2051 1698 2191 1780 ejus
2243 1700 2391 1760 Sunt
2452 1698 2914 1788 recitandisque
2963 1699 3168 1766 numia
3223 1699 3335 1779 iis,
3412 1719 3676 1787 quorum
3706 1700 3842 1782 jam
3883 1716 4026 1783 per·
4035 1735 4046 1750 .

818 1805 1094 1893 generis,
1173 1810 1242 1867 ut
1276 1801 1677 1887 praestantia
1727 1819 1843 1866 sua
1897 1798 2108 1887 operis
2165 1796 2387 1898 ipsius,
2455 1803 2640 1889 pauci
2691 1812 2797 1869 aut
2857 1823 3068 1869 veram
3139 1802 3495 1881 utilitatem,
3569 1809 3675 1867 aut
3733 1799 4028 1886 volupta-

818 1906 996 1997 quod
1057 1899 1495 1970 illustrandum
1549 1902 1693 1969 sibi
1729 1910 2108 1988 sumpserat,
2170 1899 2391 1968 merita
2455 1914 2583 1973 tem
2624 1896 2928 1974 adferunt.
3017 1904 3228 1989 Huius
3271 1906 3485 1992 operis
3528 1904 3762 1970 mentio
3792 1902 4031 1970 redibit

813 2009 1000 2077 facile
1031 2015 1342 2094 superent.
1428 2006 1577 2092 Ipse
1619 2005 1784 2072 enim
1803 2004 2103 2073 Jobertus
2145 2002 2388 2069 tirones
2456 2018 2602 2074 ante
2650 2018 2964 2077 monetam
2999 2007 3197 2073 Decii.
3307 2007 3411 2074 De
3454 2006 3852 2088 Hieronymo
3895 2006 4028 2072 Ta·

668 2099 689 2116 ⁸
815 2122 1054 2179 tantum
1096 2109 1372 2187 instruit,
1429 2118 1493 2174 at
1535 2107 1868 2176 Bimardus
1916 2117 2159 2174 veteres
2200 2106 2388 2180 etiam
2455 2111 2664 2191 ninio,
2742 2111 2851 2198 qui
2861 2091 3276 2177 'Bandurium
3334 2130 3533 2196 nuper
3574 2109 4029 2199 supplementis
4141 2101 4162 2114 ⁸

728 2271 737 2284 .
814 2216 887 2286 in
925 2234 1113 2281 arena
1155 2220 1373 2278 nostra
1414 2210 1676 2297 pugiles.
1737 2210 2025 2277 Ceterum
2069 2219 2386 2298 quantam·
2455 2215 2661 2294 auxit,
2708 2223 2923 2300 agetur
2965 2211 3141 2280 infra.
3231 2211 3439 2299 Hujus
3486 2214 3696 2300 operis
3737 2213 3949 2279 Tomo
3971 2211 4027 2278 Ι.
4087 2195 4110 2214 ‘

720 2327 731 2332 ‘
817 2339 1063 2404 cunque
1127 2316 1469 2382 tribuamus
1532 2313 1906 2386 Jobertiano
1995 2313 2142 2379 huic
2210 2310 2392 2399 operi
2455 2316 2814 2405 praefigitur

816 2419 1282 2495 excellentiam,
1415 2417 1535 2482 etsi
1620 2413 1826 2483 'totum
1909 2414 2071 2482 illud
2155 2435 2390 2480 memo·
2625 2416 2988 2485 Bibliotheca
3070 2423 3382 2512 numa,
3478 2403 3605 2484 sive
3686 2426 4022 2491 anderun,

814 2523 914 2589 ria
984 2523 1123 2608 quis
1190 2518 1671 2606 complectatur,
1756 2539 1976 2604 parum
2042 2514 2251 2582 adhuc
2321 2514 2388 2580 in
2452 2527 2558 2607 qm·
2593 2526 2667 2588 de
2706 2545 2777 2588 re
2815 2525 3110 2592 nuum-m
3134 2526 3518 2604 scripsmmt,

814 2624 1249 2693 numismatum
1361 2620 1623 2687 scientia
1730 2618 2082 2706 profecerit.
2220 2616 2388 2686 Nam
2453 2627 2631 2709 quus
2690 2622 2841 2689 libri
2892 2621 2959 2688 in
3010 2622 3140 2689 hoe
3191 2629 3457 2689 tractatu
3506 2640 3696 2707 saepe
3746 2618 4028 2686 metumi-

817 2727 998 2794 deest
1058 2747 1234 2813 pars,
1317 2744 1503 2809 quam
1555 2743 1920 2805 πρακτικην
1972 2720 2386 2807 appellamus,
2452 2747 2615 2795 mus.
2726 2724 3009 2810 Dignum,
3073 2724 3248 2811 quod
3299 2744 3451 2790 sane
3513 2720 3892 2806 merebatur,
3967 2720 4054 2787 is-

813 2829 1135 2922 intelligo,
1182 2827 1382 2913 ipsae
1436 2825 1629 2891 series
1672 2823 2002 2891 mimorum
2046 2822 2269 2889 saltem
2311 2822 2387 2886 il·
2451 2829 2625 2894 visus
2706 2836 2804 2892 est
2864 2826 3135 2894 Alberto
3195 2825 3522 2908 Fabricio,
3601 2843 3788 2913 quem
3850 2843 4028 2892 anno

814 2933 1184 3001 lustr-iorum
1229 2929 1311 2995 ab
1350 2927 1651 3009 urbibus,
1732 2925 2019 3014 populis,
2106 2923 2384 3010 regibus,
2453 2936 2753 3016 sequente
2789 2933 2975 2999 1719.
3020 2928 3231 2995 alteris
3274 2929 3448 3016 typis
3492 2930 3756 3002 seorsim
3797 2928 3865 2992 in
3907 2931 4028 2995 4to

816 3037 1117 3123 Augustis
1170 3032 1584 3119 signatorum,
1622 3030 1789 3096 sine
1855 3048 2113 3116 quarum
2171 3027 2386 3116 cogni·
2455 3030 2806 3117 Hamburgi
2879 3032 3233 3097 restitueret
3303 3030 3652 3116 insignibus
3728 3028 4028 3100 observa

813 3139 991 3207 tione
1043 3147 1245 3204 utrum
1294 3135 1363 3202 in
1416 3144 1550 3201 arte
1593 3142 1813 3199 nostra
1855 3131 2109 3217 dignum
2145 3128 2387 3217 aliquid
2452 3134 2765 3215 tionibus,
2854 3143 2918 3200 et
2970 3132 3171 3199 sicubi
3227 3153 3488 3199 necesse
3534 3129 4028 3220 fuit,si1pple-

815 3250 1134 3331 praestare
1179 3237 1318 3327 quis
1361 3238 1597 3325 possit,
1644 3258 1779 3304 non
1788 3233 2029 3374 'video-
2134 3303 2139 3308 ,
2454 3238 2678 3304 mentis
2752 3245 3025 3317 auctum,
3112 3245 3177 3301 et
3247 3233 3788 3302 emendationibus
3860 3235 4029 3303 sani-

2451 3340 2567 3408 tati
2605 3337 2976 3409 restitutum.

874 3602 881 3614 ,
994 3513 1318 3609 Hactenus
1377 3563 1574 3629 opera
1610 3541 1709 3607 rei
1748 3539 2213 3610 numismaticae
2257 3537 2389 3605 sive
2712 3506 2928 3575 XXII·
3015 3508 3330 3576 NICOLA
3343 3510 3440 3574 VS
3486 3509 3609 3574 HA
3623 3510 3761 3574 YM·

819 3647 1099 3728 utiliora,
1166 3641 1301 3709 sive
1353 3665 1514 3731 quae
1565 3643 1825 3726 majoris
1878 3652 2023 3707 sunt
2064 3633 2386 3720 momenti,
2631 3645 2848 3711 Tecum
2931 3644 3308 3722 Britannico,
3433 3667 3605 3727 acero
3693 3647 3742 3709 il
3821 3663 4025 3709 museo
4098 3668 4114 3678 ·

818 3748 1470 3827 commemoravimus,
1558 3766 1825 3848 quornm
1897 3743 2256 3812 Bandurius
2321 3741 2388 3806 in
2453 3752 2780 3814 nummio
2832 3749 2978 3811 dc.
3054 3747 3130 3812 In
3170 3748 3414 3812 Londm
3454 3751 3643 3816 1719.
3709 3747 3878 3812 Pas-t.
3933 3748 4023 3815 Π

817 3850 1221 3922 Bibliotheca
1307 3871 1422 3916 sua
1496 3850 1779 3914 numaria
1850 3845 2070 3914 addita
2144 3842 2389 3911 erudita
2452 3854 2516 3915 in
2555 3853 2617 3918 4.
2714 3845 2893 3914 Idem
2949 3868 3112 3935 opus
3149 3846 3418 3934 Anglioe
3460 3845 3797 3916 redditum.
3862 3849 4020 3914 Lm·-

819 3955 965 4025 crisi
1030 3953 1321 4041 meminit.
1422 3949 1792 4018 Eum-tanda
1839 3952 1974 4035 jam
2041 3955 2188 4013 sunt
2259 3944 2388 4025 ius,
2451 3954 2594 4022 don
2613 3953 2800 4020 1719.
2837 3956 2908 4018 iu
2947 3956 3007 4019 4.

816 4079 981 4148 quae
1052 4068 1203 4147 post
1268 4055 1385 4122 viri
1455 4052 1827 4142 praestantis
1893 4058 2162 4117 mortem
2238 4067 2385 4115 con·
2628 4052 2808 4139 Opus
2851 4049 3054 4133 istud,
3107 4072 3193 4117 ex
3233 4072 3364 4138 quo
3407 4052 3474 4117 in
3519 4013 3722 4120 lucem
3761 4025 4023 4140 prodiit,

819 4162 1053 4248 scripta
1093 4159 1410 4246 prioribus
1454 4156 1748 4226 addenda
1791 4165 1953 4224 suut.
2028 4146 2388 4232 Quodam
2453 4156 2730 4223 omnium
2792 4153 3062 4222 abstulit
3099 4151 3414 4271 susti-agia.
3522 4154 3688 4220 Nam
3741 4154 4026 4222 continet

818 4263 1180 4349 aggredior,
1245 4281 1503 4330 monere
1560 4265 1768 4349 -juvat,
1832 4279 1933 4325 me
1998 4276 2165 4324 nuuc
2231 4276 2386 4343 quo·
2453 4278 2680 4326 numos
2732 4257 2889 4324 varii
2937 4257 3209 4343 generis,
3261 4256 3547 4338 urbium,
3620 4256 4023 4346 populorum

820 4387 947 4454 qne
1018 4385 1214 4450 opera
1280 4373 1546 4450 tantum,
1657 4382 1816 4448 quae
1881 4358 2171 4447 justioris
2243 4366 2388 4426 sunt
2452 4380 2696 4447 regum,
2769 4367 2902 4428 tum
2942 4369 3010 4427 et
3060 4360 3528 4479 imperatorios,
3595 4359 3713 4427 sed
3755 4375 4026 4447 quorum

820 4465 1041 4546 molis,
1129 4443 1570 4544 adducturum,
1657 4462 2005 4549 praeteritis
2096 4460 2387 4532 disserta·
2453 4462 2738 4579 plerique
2799 4472 2979 4529 extra
3037 4463 3256 4530 urbem
3326 4483 3492 4528 cus1=
3525 4472 3703 4544 sunt,
3778 4470 4025 4547 omnes,

818 4568 1100 4640 tionibus
1142 4566 1471 4648 solitariis,
1518 4587 1701 4668 quam
1730 4563 2072 4651 ἀκριβειαν
2113 4563 2210 4636 illi
2247 4586 2385 4655 per·
2456 4564 2565 4662 qui
2663 4564 2732 4636 in
2815 4564 3050 4632 muscis
3133 4565 3511 4634 Britannicis
3596 4563 4030 4649 adservantur,
