4450 5542
500 609 507 622 Ι
584 475 597 566 ζ
740 517 832 570 xc
1344 451 1386 520 ἶ
1630 425 2379 567 ΡιιοιΕεοΜΕιιΑ
2411 489 3018 568 .(;ΕΝΕιιΑι,ιΑ.
3085 441 3092 448 ’

748 660 1060 741 Quantam
1148 651 1301 726 inde
1374 650 1578 722 lucem
1654 654 1961 742 accipiant
2034 653 2320 736 historia,
2385 651 2891 733 Messanensinm
2921 652 3178 740 Siciliae*
3201 649 3660 724 ἎΟῙἎΑΖΞ
3657 656 3722 723 Η
3722 654 3800 718 Μ
3833 669 3953 740 pro

610 743 623 768 ’
748 758 1203 846 chronologia,
1356 754 1775 845 geographia,
1906 756 2321 844 mythologie,
2388 757 3024 836 ΜΕΣΣΑΝΙΟΝ,·
3097 775 3282 844 quam
3360 755 3681 824 scribendi
3754 755 3956 842 legem

644 909 647 916 -
747 857 1105 951 the'o‘logia,
1190 858 1345 928 ritus
1358 906 1377 939 ,
1465 857 1832 947 allegoriae,
1920 859 2129 928 verbis
2214 879 2324 927 ex·
2390 851 2789 928 Froelicbius
2883 869 3214 949 perperam
3306 858 3374 926 in
3469 859 3992 928 monetariorum»

748 986 989 1058 ponere
1042 964 1299 1050 longum
1353 959 1551 1043 foret,
1614 972 1679 1030 et
1719 961 1960 1050 patebit
2012 984 2097 1032 ex
2162 983 2314 1050 ope·
2386 962 2553 1030 vitiis
2636 961 2816 1054 putat
2832 964 2886 1045 ⁸)
3019 963 3248 1051 Neque
3333 970 3539 1030 tamen
3613 962 3956 1045 existimes,

728 1069 837 1137 -ris
916 1067 1182 1155 decursu
1252 1064 1435 1136 unius
1503 1064 1893 1153 philologiae
1963 1064 2314 1133 commodis
2391 1085 2642 1134 omnem
2704 1065 3091 1155 epigraphen
3141 1063 3327 1132 valde
3387 1066 3704 1155 antiquam
3764 1066 3958 1134 fuisse

672 1245 679 1260 ¹
753 1169 1121 1242 consecrati.
1217 1166 1307 1234 At
1361 1188 1515 1235 vero
1561 1165 1737 1256 quod
1778 1167 2175 1256 praecipuum
2219 1171 2318 1235 'est
2390 1167 2596 1236 etiam
2629 1167 3078 1255 retrogradam.
3196 1169 3591 1238 Contrarium
3636 1169 3959 1237 docebunt
4107 1169 4126 1178 “

751 1271 1178 1362 inscriptionis
1327 1269 1791 1344 numismaticae
1929 1269 2321 1352 beneficium,
2391 1270 2639 1358 copiosi
2704 1271 3013 1340 variarum
3088 1274 3416 1359 regionum
3503 1273 3705 1351 numi,
3781 1289 3960 1359 prae·

754 1376 1065 1466 capitibus
1108 1374 1565 1460 Augustorum,
1625 1394 1867 1480 regum,
1913 1393 2325 1462 personarum
2391 1373 2574 1459 cipue
2635 1372 2732 1440 Μ.
2793 1373 3101 1444 Graeciae
3160 1384 3225 1442 et
3278 1371 3570 1454 Siciliae,
3668 1372 3778 1463 qui
3842 1371 3962 1439 etsi

754 1480 1119 1567 utriusque
1147 1497 1341 1544 sexus
1403 1475 1734 1544 illustrium
1817 1474 2094 1568 adjecta,
2168 1498 2325 1564 quo·
2395 1495 2616 1544 omnes
2673 1474 2910 1564 longae
2959 1477 3284 1543 vetustatis
3353 1479 3744 1546 characteres
3814 1473 3966 1542 offe·

758 1602 896 1651 rum
950 1602 1027 1648 ea
1084 1580 1213 1646 sint
1246 1561 1530 1665 effigies,
1600 1579 2086 1648 nomenclatoris
2150 1585 2330 1648 m'ore
2394 1588 2573 1668 runt,
2635 1587 2843 1646 tamen
2908 1580 3105 1646 moris
3168 1581 3540 1648 recentioris
3575 1580 3803 1667 legem
3867 1598 3965 1646 se·

766 1684 993 1765 dictat,
1051 1702 1180 1770 quo
1224 1702 1375 1748 sane
1417 1681 1606 1750 unico
1651 1682 1936 1751 subsidio
1978 1692 2157 1750 vetus
2198 1683 2331 1750 ico·
2399 1684 2689 1771 qunntur.
2790 1681 2947 1750 Nou
2987 1702 3133 1748 raro
3179 1682 3248 1748 in
3288 1704 3418 1750 uno
3465 1681 3816 1769 eodemque
3856 1699 3967 1747 nn·

761 1785 1025 1878 nologia
1066 1784 1311 1868 nititur,
1359 1793 1428 1852 et
1463 1785 1600 1853 sinc
1643 1806 1771 1873 quo
1815 1786 1883 1853 in
1924 1785 2093 1854 hunc
2132 1806 2334 1880 usque
2401 1807 2508 1853 mo
2545 1794 2922 1876 utrumque
3001 1786 3345 1872 scripturae
3421 1784 3678 1852 modum
3753 1782 3971 1851 videre
4060 1851 4068 1860 ,

766 1889 931 1957 diem
983 1889 1415 1975 ignoraremus
1462 1883 1725 1975 effiges,
1786 1910 1941 1977 quas
1991 1888 2181 1956 nobis
2239 1909 2336 1954 re·
2401 1897 2516 1955 est.
2603 1887 2679 1954 In
2717 1887 3149 1975 antiquissimo
3177 1887 3454 1954 Buxenti
3484 1887 3796 1955 Lucaniae
3822 1885 3976 1952 seris

765 2002 944 2082 perta
1030 1992 1237 2060 omnis
1316 1991 1562 2078 generis
1648 1999 1926 2058 veterum
2008 1988 2341 2057 simulacra
2403 1990 2573 2058 bitur
2593 1994 2770 2061 Πῗΐιι.
2735 1988 2983 2056 ’ὊΕΣ
2995 2010 3171 2055 more
3190 1999 3437 2070 nostro,
3485 1999 3548 2057 et
3569 1986 3984 2055 ΣΙΡΙΝΟΣ

768 2094 1104 2181 objiciunt,
1194 2093 1340 2182 quia
1420 2115 1827 2182 quaecunque
1910 2091 2034 2161 alia
2117 2111 2346 2160 monn*
2403 2090 2790 2179 retrograde.
2885 2091 2964 2159 In
3017 2090 3146 2158 alio
3200 2111 3335 2159 non
3388 2112 3780 2182 magnopere
3807 2098 3979 2156 vetu-
4069 2101 4074 2108 ’

638 2254 675 2287 ,
768 2208 980 2268 menta
1020 2195 1258 2266 addere
1299 2217 1550 2280 eorum,
1611 2199 1877 2286 quorum
1918 2194 2152 2264 sistunt
2189 2193 2338 2261 ima·
2405 2206 2509 2262 sto
2556 2191 3005 2277 Cyrenensium
3060 2203 3157 2262 est
3216 2194 3746 2263 ΚῪΡΑΝΑΙΩΝ
3777 2192 3980 2263 moris

773 2302 953 2412 gines
965 2350 988 2390 ‚
1054 2300 1314 2369 nomina
1361 2295 1788 2387 neglexerunt.
1900 2297 2074 2385 Ergo
2118 2296 2176 2363 si
2217 2317 2390 2384 qua·
2381 2296 2675 2376 novicii,
2715 2305 2790 2363 ut
2837 2297 3142 2365 ΘΕΓΦΙ.
3185 2298 3670 2386 retrogradum.
3696 2285 3982 2362 Eandem
4047 2343 4064 2348 -

586 2428 596 2442 ·
648 2403 655 2410 ’
772 2397 1006 2482 v'eteris
1066 2404 1201 2472 aevi
1242 2404 1309 2469 in
1350 2402 1554 2472 lucem
1597 2400 1913 2491 profertur
1952 2401 2190 2490 imago,
2260 2397 2342 2465 ad
2413 2397 2794 2468 discordiam
2845 2398 3008 2474 inter
3058 2399 3273 2469 literas
3312 2399 3592 2488 ejusdem
3634 2398 3813 2467 verbi
3853 2398 3978 2465 sin·

772 2527 1002 2576 numos
1066 2525 1515 2610 provocamus,
1593 2513 1860 2593 qnorum
1924 2502 2244 2570 oraculum
2289 2500 2347 2567 si
2411 2503 2589 2592 gulas
2631 2493 2818 2590 potes
2862 2501 3222 2572 observare.
3308 2502 3471 2570 Sic
3451 2525 3519 2568 ιιι
3552 2498 3982 2590 frequentibus

776 2631 915 2677 eam
983 2607 1231 2690 definit,
1330 2591 1711 2675 satisfactum
1782 2606 2013 2675 nobis-
2002 2614 2345 2694 -putamus,
2412 2603 2887 2674 Atheniensium
2928 2607 3163 2689 numis,
3221 2628 3384 2696 quos
3437 2605 3614 2673 dabit
3654 2602 3984 2688 Haymius,

779 2729 986 2802 neque
1038 2710 1202 2780 ultra
1240 2710 1639 2797 inquirimus,
1703 2707 1805 2777 sin
1846 2711 2077 2791 cessat,
2143 2707 2212 2775 in
2253 2707 2346 2776 in·
2413 2705 2614 2777 habes
2662 2692 2838 2776 Affl
2875 2729 2995 2797 pro
3041 2709 3231 2776 ΑΘΕ.
3368 2769 3383 2776 -

783 2823 1088 2884 certarum
1131 2831 1391 2880 numero
1435 2809 1613 2879 nullo
1656 2789 1905 2879 vindice
1943 2809 2294 2879 habebitur.
2497 2857 2506 2862 -
2590 2809 2772 2880 Nom
2811 2822 3018 2882 tamen
3073 2831 3321 2900 semper
3384 2807 3727 2929 epigraphe
3787 2816 3986 2874 retro-

1500 3001 1542 3083 ἓ
1580 2913 2616 3068 11.de
2689 2936 2942 2982 numum
3019 2915 3089 2981 in
3156 2915 3355 3010 prima
3434 2913 3528 2981 rei
3608 2910 3991 2980 monetariae

786 3106 887 3174 Do
925 3109 1228 3189 mmm
1265 3093 1656 3188 retrograda
1712 3112 1769 3169 d
1805 3098 2351 3188 βουστροφηδον-
2421 3016 3454 3209 ffissagrffiazvffbstgugens
3465 3015 3995 3204 Ρᾛωωπῗῗξιῖ.

922 3238 1073 3306 Hoc
1097 3235 1362 3305 artimilo
1404 3233 1876 3324 comprehendo
1916 3234 2149 3304 modos
2184 3234 2360 3317 illos,
2427 3246 2536 3292 rae
2575 3224 2945 3316 plerumque
2995 3246 3036 3289 a
3075 3221 3339 3288 dextera
3380 3219 3465 3286 ad
3503 3219 3819 3287 sinistram
3859 3227 3995 3285 teu-

796 3344 904 3433 qni
948 3365 989 3408 a
1030 3339 1227 3407 modo
1285 3341 1629 3428 scripturae
1672 3338 1993 3406 ordinario
2034 3361 2076 3404 a
2117 3338 2370 3404 sinistra
2433 3328 2605 3395 dunt.
2719 3324 2887 3392 Vide
2954 3345 3181 3390 numos
3243 3321 3683 3403 Etruscorum,
3757 3320 3999 3388 Samni·

798 3444 881 3512 ad
936 3441 1261 3510 dexteram
1313 3441 1803 3558 progredientis,
1879 3448 1943 3507 et
1984 3438 2214 3507 eadem
2253 3439 2366 3505 ite·
2431 3438 2592 3511 tum,
2701 3413 3045 3506 Oscorum,
3138 3425 3248 3512 qui
3317 3424 3788 3521 inscriptionem
3867 3422 4003 3489 fere

798 3567 937 3615 rum
980 3531 1135 3631 lege
1165 3544 1554 3632 incipientis,
1614 3552 1720 3608 aut
1760 3544 1825 3607 in
1880 3541 2098 3609 orbem
2143 3540 2404 3609 ᾶιιοιεο
2437 3551 2684 3619 semper
2738 3527 3168 3616 retrogradam
3240 3524 3586 3610 offerunt,-
3603 3527 3753 3593 etsi
3831 3522 4004 3590 numi

752 3645 1157 3718 discedunt.
1245 3647 1409 3712 Sunt
1446 3666 1601 3713 vero
1646 3644 1695 3713 L
1717 3644 2022 3732 scriptura
2062 3653 2373 3729 retrogra-
2437 3633 2688 3702 Etrusci
2747 3653 2882 3700 non
2948 3631 3133 3720 pauci
3191 3629 3529 3698 admodum
3584 3627 3812 3696 vetusti
3866 3617 4005 3693 nebi

804 3750 908 3836 da,
934 3751 1015 3818 Π.
1028 3771 1123 3832 ea,
1151 3770 1312 3839 quae
1334 3733 2419 3835 Θιεοοίεβουστροφηὸονᾶἰοίιιιι.
2439 3758 2572 3804 ιιοιι
2613 3737 2769 3816 sint,
2826 3735 3000 3802 numi
3039 3745 3208 3800 vero
3240 3734 3396 3801 Osci
3433 3744 3502 3800 et
3545 3730 3868 3804 Samnitici
3905 3727 4002 3797 in·

977 3852 1032 3920 1
1078 3856 1407 3937 Ser-spana
1435 3854 1821 3934 retrograda.
1922 3849 2043 3915 Est
2096 3843 2200 3913 hic
2241 3867 2373 3913 mo·
2440 3850 2538 3906 tra
2606 3839 2718 3904 VI.
2774 3847 2839 3906 et
2888 3835 3034 3906 VII.
3093 3836 3409 3904 saeculum
3473 3835 3648 3912 urbis
3709 3831 4008 3900 conditae

808 3955 929 4022 dus
992 3954 1061 4021 in
1113 3954 1316 4046 numis
1361 3954 1744 4021 Graecorum
1784 3949 2152 4041 plerumque
2193 3948 2373 4015 testis
2439 3939 2642 4008 lucem
2683 3940 2981 4023 viderint,
3024 3948 3096 4005 ut
3136 3961 3256 4007 suo
3300 3939 3472 4006 loco
3494 3936 3842 4006 docebitur.
3893 3929 4007 4003 In

809 4058 950 4125 aevi
989 4053 1381 4146 pervetusti,
1422 4063 1699 4124 retentus
1762 4076 1801 4121 a
1849 4050 2105 4142 populis
2152 4051 2374 4119 Orien·
2441 4044 2656 4113 numis
2713 4042 3186 4112 Atheniensium
3253 4043 3492 4124 aeneis,
3597 4062 3673 4107 ac
3744 4046 4009 4128 propter

809 4159 928 4234 tis,
986 4161 1095 4275 qui
1146 4159 1214 4226 in
1271 4157 1598 4229 Graeciam
1649 4157 2014 4246 scripturam
2056 4156 2373 4223 invexere.
2443 4148 2607 4220 hanc
2685 4148 2888 4236 ipsam
2937 4167 3182 4214 causam
3239 4144 3497 4212 serioris
3550 4143 3726 4224 aevi,
3786 4141 4011 4229 legitur

814 4260 961 4328 Sic
992 4261 1060 4327 in
1125 4264 1329 4328 nnmis
1394 4261 1856 4328 Himerensium
1912 4257 2168 4328 Siciliae
2219 4257 2378 4323 anti-
2437 4248 2808 4338 retrograde
2870 4248 3354 4318 ΑΘΗΝΑΙΩΝ.
3375 4249 3431 4330 ·)
3512 4245 3803 4335 Denique
3859 4265 4008 4312 seru

818 4361 1131 4451 quissimis
1171 4361 1392 4451 legitur
1432 4361 1792 4431 AnaMIH
1836 4380 1965 4482 pro
2002 4357 2404 4441 fflsOERA,
2449 4365 2632 4444 ptura
2691 4352 3060 4442 retrograda
3140 4353 3525 4439 ingruentem
3605 4348 3791 4415 etiam
3837 4345 4008 4412 bar·

957 4571 1557 4651 )·.ιν.ϊι.μ3εο
1692 4577 2001 4647 Mum
2035 4576 2363 4636 ‘1⁸2st
2367 4578 2465 4628 ..2
2495 4571 2631 4630 ,6.

1588 4714 1633 4736 ἢ..
