4450 5542
809 532 1094 588 anm
1248 573 1255 582 ,
1460 569 1473 574 -
1654 559 1659 562 -
1707 507 2484 584 PROLEGOMENA.
2522 508 3098 584 GENERALIA.

809 687 984 768 ptum
1024 674 1268 762 legitur.
1352 669 1512 738 Non
1565 675 1774 736 tamen
1826 691 1910 735 ex
1965 691 2045 736 eo
2091 669 2235 758 quis
2278 690 2372 736 ιι·
2442 681 2861 759 procuratum.
2987 663 3215 740 Aureis
3282 667 3417 742 'non
3482 674 3697 762 paucis
3769 672 4025 742 Diocle-
4153 739 4162 754 ,

810 780 1041 869 guerit,
1107 777 1228 843 hos
1292 770 1629 841 nobilioris
1688 771 1927 846 metalli
1988 794 2215 842 numos
2270 793 2377 839 ιιι·
2443 774 2600 841 ιιιιιι
2659 784 2722 842 et
2792 774 3171 843 Maximiani
3233 776 3423 844 idem
3491 776 3561 846 S.
3627 777 3716 843 ..Ὁ
3801 771 4021 844 inscri-
4051 837 4058 844 .

812 883 1100 951 ctoritate
1142 886 1391 946 senatus
1435 873 1627 942 fuisse
1669 896 2034 993 percussos,
2090 883 2156 941 et
2200 872 2378 962 quod
2443 888 2621 966 ptum
2673 876 2930 980 legitur,
2993 879 3111 948 sed
3163 878 3422 954 difficile
3476 889 3604 959 cst,
3670 881 3806 963 ejus
3857 890 4023 978 acta·

812 979 1125 1076 sequitur,
1175 981 1322 1047 huic
1376 999 1632 1066 quoque
1682 979 1749 1045 in
1796 977 1947 1066 illos
2003 975 2246 1070 aliquid
2272 981 2376 1063 ju-
2443 978 2532 1046 tis
2602 979 2776 1068 leges
2846 1001 2929 1047 ex
3012 992 3232 1050 vetere
3314 980 3708 1099 praescripto
3799 982 4024 1063 metiri,

694 1125 699 1132 ·
810 1088 899 1154 ris
941 1086 1152 1153 fuisse.
1238 1082 1710 1168 Nonnunquam
1764 1081 1930 1147 enim
1981 1101 2059 1147 ea
2100 1090 2256 1147 nota
2299 1079 2384 1147 ad
2451 1081 2866 1172 omnibusque
2930 1080 3140 1170 siglis,
3213 1107 3374 1173 quae
3439 1095 3579 1154 ιιιιιι
3637 1085 3705 1149 in
3775 1094 4027 1152 moneta

807 1201 1030 1277 typum
1092 1193 1333 1254 tantum
1392 1183 1687 1265 refertur,
1750 1179 2137 1270 indicatque,
2197 1181 2379 1265 illud,
2451 1186 2716 1275 copiose
2784 1185 3122 1282 apparent,
3197 1196 3429 1254 certam
3501 1186 4046 1273 significationem.

811 1291 989 1381 quod
1037 1291 1105 1356 in
1172 1307 1363 1355 numo
1432 1287 1841 1374 proponitur,
1910 1295 2161 1353 senatus
2231 1291 2382 1353 con'·
2451 1279 2746 1355 tribuere.
2793 1325 2798 1334 ·
4035 1291 4044 1300 “

810 1395 976 1464 sulto
1065 1392 1258 1459 fuisse
1331 1389 1664 1457 decretum.
1782 1388 2027 1455 Similia.
2093 1389 2383 1479 exempla
2619 1391 2697 1458 V.
2785 1389 3024 1459 Notam
3090 1392 3158 1458 S.
3212 1391 3283 1456 C.
3352 1390 3537 1456 etiam
3601 1392 3805 1458 numis
3862 1412 4022 1458 non·

800 1502 935 1585 jam
979 1496 1165 1563 etiam
1206 1495 1275 1558 in
1317 1492 1591 1559 denariis
1653 1491 1826 1560 urbis
1882 1491 2121 1560 liberae
2166 1513 2384 1559 occur
2450 1490 2760 1566 nullarum
2825 1493 3073 1561 urbium
3138 1501 3490 1564 exterarum
3559 1493 3843 1561 videmus
3930 1494 4023 1562 in·
4059 1503 4068 1512 ‘

808 1609 972 1667 runt.
1060 1597 1315 1683 Legitur
1355 1596 1422 1661 in
1466 1593 1738 1660 denariis
1780 1593 1882 1663 M.
1926 1594 2156 1683 Lepidi
2186 1597 2254 1664 S.
2288 1595 2386 1679 C.,
2451 1595 2776 1682 scriptam,
2837 1599 3012 1682 cuijus
3059 1616 3256 1664 causa
3310 1616 3445 1662 non
3502 1598 3654 1682 satis
3693 1583 4025 1711 expedita.
4088 1598 4132 1644 ‘-

810 1705 880 1769 ιιι
923 1695 1203 1767 denariis
1239 1698 1337 1764 Μ.
1383 1698 1605 1766 Scauri
1645 1696 1792 1766 EX.
1837 1698 1908 1765 S.
1956 1697 2047 1780 C.,
2093 1697 2425 1768 nimirum
2452 1693 2650 1781 Vide,
2712 1718 2871 1785 quae
2932 1697 3014 1766 de
3069 1718 3145 1765 ea
3200 1698 3478 1766 dicemus
3533 1701 3601 1765 in
3643 1699 3846 1765 numis
3887 1699 4022 1766 An·

758 1803 907 1886 =M.
970 1785 1281 1890 Lepidus,
1355 1798 1531 1889 quod
1612 1809 1676 1864 et
1746 1791 1966 1866 numus
2028 1746 2412 1891 eloquitur,
2451 1799 2724 1882 tiochiae
2780 1801 3032 1882 Syriae,
3099 1809 3163 1866 et
3223 1802 3292 1868 ιιι
3350 1810 3614 1868 tractatu
3672 1801 3796 1872 de
3821 1801 4026 1868 numis

810 1905 1011 1973 factus
1066 1914 1166 1972 cst
1215 1902 1549 1971 TVTOR.
1606 1901 1885 1969 REGIS.
1929 1908 2187 1982 sendus
2233 1906 2382 1969 Gon·
2452 1901 2861 1986 Coloniarum
2915 1903 3120 1989 capite
3169 1903 3314 1972 VIL
3407 1899 3496 1970 At
3559 1905 3756 1984 multo
3823 1903 4038 1989 magia

809 2013 995 2088 culto,
1082 2015 1150 2073 et
1219 2004 1316 2073 Μ.
1383 2005 1699 2072 Scaurus
1741 2004 2022 2072 AEDe’lis
2089 2003 2384 2073 ovantis
2449 2007 2704 2087 mirum,
2793 2005 3059 2072 eandem
3144 2014 3399 2073 senatus
3445 2007 3744 2076 consultis
3803 2017 4024 2088 notam

810 2109 953 2182 EX.
990 2110 1067 2182 S.
1114 2109 1192 2178 C.
1254 2104 1445 2175 Adde
1485 2108 1584 2174 his
1630 2105 1924 2175 denarios
1968 2107 2198 2175 Manlii
2216 2110 2379 2176 Tor·
2450 2127 2811 2196 comparere
2897 2108 3082 2176 etiam
3167 2109 3284 2174 ιιι
3291 2107 3668 2177 nonnullis
3700 2110 4027 2196 Agrippae

726 2295 737 2308 „
792 2210 1017 2301 quati,
1105 2219 1170 2278 et
1240 2211 1395 2281 Sex.
1462 2210 1778 2300 Pompeji,
1867 2211 2149 2292 Lentuli,
2234 2210 2387 2288 alio·
2455 2211 2539 2280 11.
2581 2214 2748 2297 regis
2793 2210 3050 2278 Judaici
3081 2212 3305 2280 numis.
4067 2215 4082 2230 ¹

812 2336 1074 2404 rumque
1124 2313 1381 2408 passim.
1466 2313 1642 2400 Ergo
1698 2334 1846 2378 cum
1900 2312 1968 2377 in
2018 2314 2227 2380 numis
2283 2335 2386 2380 au-
2626 2305 2756 2384 Vl‘.
2831 2313 3248 2402 Imperatores
3311 2299 3605 2381 Orientes
3673 2312 3837 2380 adeo
3902 2312 4030 2379 sibi

810 2419 937 2485 reis
980 2427 1046 2486 et
1108 2416 1423 2503 argenteis
1461 2416 1838 2504 Vespasiani
1888 2418 2242 2484 consecrati
2297 2415 2387 2482 le·
2455 2436 2669 2482 aurum
2721 2417 2790 2482 ιιι
2841 2436 2916 2485 re
2956 2419 3303 2486 monetaria
3342 2416 3644 2485 volebant
3688 2438 3831 2484 esse
3871 2436 4025 2503 pro·

811 2521 1012 2607 gimus
1053 2519 1200 2587 EX.
1244 2521 1312 2587 S.
1369 2519 1474 2599 C.,
1532 2540 1611 2584 ea
1652 2515 1924 2584 formula
1964 2528 2174 2601 notat,
2233 2539 2385 2600 non,
2456 2519 2689 2606 prium,
2746 2528 2818 2586 ut
2867 2519 3142 2603 nollent,
3210 2522 3333 2588 nisi
3390 2539 3531 2587 cum
3589 2540 3732 2609 sua·
3762 2505 4029 2586 accessit

813 2646 930 2691 eos
973 2644 1200 2690 numos
1243 2620 1384 2694 EX·
1432 2622 1500 2688 S.
1542 2621 1617 2687 C.
1667 2622 1980 2708 signatos,
2026 2619 2162 2703 sed,
2210 2619 2389 2709 quod
2458 2622 2823 2703 auctoritas,
2890 2644 2930 2689 a
2982 2623 3232 2712 regibus
3289 2623 3570 2692 externis
3633 2601 3868 2708 signari
3919 2641 4032 2688 au·

805 2727 968 2813 J'uris
1023 2723 1144 2792 fuit
1196 2725 1532 2816 senatorii,
1556 2723 2059 2811 Vespasianum
2113 2723 2260 2794 EX.
2319 2725 2387 2791 S.
2455 2745 2624 2808 rum,
2677 2733 2743 2794 et
2798 2725 2854 2791 si
2905 2725 2974 2790 hi
3016 2724 3187 2793 istud
3229 2724 3394 2802 forte
3438 2725 3573 2792 ausi
3618 2735 3802 2807 sunt,
3854 2719 4033 2812 quod

816 2831 1405 2897 &consecratum
1490 2773 1603 2894 Sic
1665 2825 2008 2917 epigraphe
2076 2826 2395 2895 POPVLi
2439 2828 2796 2917 prohibere
2837 2827 3111 2896 Romani
3174 2849 3307 2896 non
3372 2837 3698 2944 poterant,
3767 2828 3830 2893 ei
3894 2847 4032 2894 mo·

814 2932 1070 3000 IVSSV
1121 2932 1190 2998 in
1240 2930 1502 2999 denario
1557 2931 1888 2999 Octaviani
1939 2927 2207 3024 indicat,
2265 2939 2389 2997 sta-
2456 2941 2640 2998 netae
2690 2929 2873 2998 valor
2924 2931 2991 2998 in
3043 2931 3289 3019 imperii
3341 2931 3420 3000 R.
3478 2907 3707 2998 finibus
3762 2929 3881 2996 fuit
3934 2931 4031 3000 iu·

708 3081 717 3090 -
814 3046 984 3103 tuam
1069 3045 1451 3124 equestrem,
1541 3056 1727 3123 quam
1798 3034 1858 3101 is
1924 3053 2147 3120 numus
2215 3033 2391 3101 exhi·
2458 3032 2782 3103 toi-dictus.
2870 3032 3038 3103 Vide
3091 3034 3176 3101 de
3224 3035 3348 3102 hac
3401 3056 3589 3102 causa
3646 3032 3827 3122 plura
3869 3031 4039 3104 infra

816 3138 954 3222 bet,
1009 3157 1141 3206 non
1195 3159 1448 3212 numum
1492 3138 1696 3225 ipsum
1735 3140 1950 3222 populi
1975 3146 2160 3219 jussu
2200 3136 2395 3204 fuisse
2462 3136 2665 3226 capite
2695 3136 2900 3206 XVI.
2987 3153 2994 3160 ‘
3471 3179 3481 3188 ·

1887 3295 2591 3498 ‹224va
2729 3353 3039 3462 xlv·

1476 3580 1600 3653 De
1642 3582 2048 3684 praefiniis-
2099 3597 2485 3667 monetae,
2538 3604 2943 3681 eorumque
2971 3579 3372 3662 ,mimktrzla

790 3720 946 3817 ,De
1005 3746 1107 3814 his
1170 3746 1556 3814 Graecorum
1618 3744 1753 3812 sive
1815 3746 2019 3826 numi,
2068 3735 2224 3814 ‘sive
2288 3767 2385 3812 re-
2451 3741 2673 3811 tulisse
2728 3748 3151 3831 conjecturas,
3207 3744 3275 3810 in
3325 3764 3548 3811 eorum
3604 3752 3859 3812 moneta
3912 3743 4035 3810 do·

815 3874 952 3922 rum
1020 3850 1400 3918 Graecarum
1486 3848 1826 3936 scriptores
1910 3845 2090 3929 nihil,
2157 3867 2384 3935 suppe-
2453 3846 2751 3915 cebimus.
2856 3847 3038 3925 Quae
3104 3866 3257 3933 ergo
3331 3847 3400 3915 in
3466 3847 3596 3914 hoc
3663 3837 4036 3933 argumento

819 3953 1035 4023 ditant.
1133 3950 1362 4041 Neque
1398 3952 1589 4019 -enim
1654 3951 1845 4042 apud
1883 3949 2033 4017 illos
2094 3958 2388 4018 monetae
2454 3947 2764 4032 dicemus,
2808 3947 2891 4016 ad
2934 3971 3097 4016 unos
3136 3949 3462 4018 Romanos
3501 3950 3896 4038 spectabunt.
3985 3961 4004 3968 “

816 4056 1146 4148 praefecti,
1244 4055 1422 4142 quod
1503 4056 1789 4128 Romae
1832 4053 2214 4156 aliquamdiu
2297 4053 2387 4122 ιι·
2624 4053 2732 4120 Ad
2841 4062 3226 4144 quaestores
3305 4052 3608 4120 Romae.
3653 4054 4035 4142 pertinuisse

822 4169 1005 4241 ctum,
1046 4159 1307 4226 nomina
1347 4181 1461 4226 sua
1502 4158 1598 4225 illi
1640 4158 2037 4246 inscripsere.
2127 4157 2257 4235 Qui
2297 4156 2388 4223 vi·
2456 4155 2792 4245 explorare
2880 4156 3226 4226 bonitatem
3315 4154 3741 4233 metallorum,
3791 4156 4032 4223 doce-

821 4282 931 4328 ros
1007 4260 1483 4328 Atheniensium
1567 4261 2040 4328 tetradrachmis
2126 4260 2388 4347 inscrip-
2455 4275 2593 4329 mur
2691 4259 3053 4328 testimonio
3158 4258 3341 4326 Livii.
3471 4257 4036 4346 Retraham-ios,

822 4373 928 4431 tos
991 4361 1148 4428 tales
1209 4355 1563 4443 credidere,
1636 4364 1891 4430 nonnisi
1953 4361 2230 4431 infirmas
2299 4373 2388 4431 at·
2455 4353 2658 4452 inquit
2674 4369 2762 4446 ⁸),
2829 4387 2900 4432 co
2962 4385 3120 4431 mm
3180 4375 3499 4464 argeutum
3558 4369 3623 4430 iu
3682 4368 4038 4454 ἔξιραιᾶἑιηι

961 4580 1505 4651 numna-
