4450 5542
734 506 759 551 s
798 500 927 551 m
1283 510 1287 521 ·
1376 542 1385 551 .
1697 477 2448 587 PRoLEGoMENA
2515 442 3102 557 GENERALIA'.

622 596 669 625 ,ῃ
801 662 971 731 ΨΜ
1046 637 1215 721 ‘³³¹5
1240 680 1245 685 ‘
1303 640 1489 708 ⁰⁶¹⁸*ss
1571 662 1647 709 ⁸0
1718 642 2137 730 singularibus
2230 644 2371 711 aliis
2439 665 2627 712 cusos
2686 646 2940 717 maximi
2997 645 3242 715 moduli
3291 666 3517 716 numos
3559 645 3644 714 ad
3698 610 4011 717 commenss

802 742 1035 824 causis,
1117 762 1376 858 quarum
1450 752 1691 833 partem
1760 745 1961 813 infra
1993 768 2371 813 commemo·
2440 745 2650 815 danda
2718 748 3076 841 posteritati
3152 748 3420 817 illustria
3486 749 3652 816 facta
3730 748 4011 818 credide-

787 845 991 926 -rab0,
1058 843 1335 927 unicam,
1402 846 1515 914 sed
1582 868 1717 915 eam
1782 847 2133 916 evidentem
2196 846 2375 925 lubet
2437 858 2602 916 runt.
2687 847 2778 915 At
2819 849 2986 917 enim
3013 848 3259 933 ·,fateor
3321 850 3409 919 ab
3461 851 3582 919 hac
3620 872 3722 917 me
3764 862 4009 919 senten-

774 941 929 1013 ⁸hoc
998 944 1148 1012 loco
1222 946 1481 1017 adferre.
1615 950 1987 1019 Corinthum
2057 948 2375 1017 coloniam
2440 951 2527 1016 tia
2597 952 2846 1049 semper
2916 950 3109 1019 fuisse
3188 952 3475 1020 alienum.
3583 951 3894 1024 Nimirum
3953 955 4012 1022 si

798 1071 980 1117 suam.
1061 1047 1357 1117 habuisse
1425 1061 1740 1120 monetam
1822 1074 2124 1134 aeneam,
2212 1073 2374 1119 eam·
2439 1049 2610 1120 istud
2674 1026 2894 1120 f'uisset
2958 1040 3261 1122 Romanis
3328 1054 3710 1143 Graecisque
3772 1075 4008 1172 propo-

802 1174 926 1243 que
998 1148 1356 1220 constanter
1427 1153 1686 1222 minoris
1772 1153 2052 1238 formae,
2139 1154 2373 1221 nemini
2441 1154 2657 1238 sitam,
2721 1152 3024 1241 majorem
3079 1154 3158 1223 ab
3211 1157 3291 1223 iis
3341 1153 3701 1247 videremus
3772 1154 4010 1247 impen-

801 1276 933 1322 non
999 1264 1234 1323 notum.
1334 1254 1476 1321 Hac
1529 1278 1666 1323 cum
1718 1256 1868 1325 inde
1888 1257 2017 1355 ab
2082 1255 2369 1343 Augusto
2435 1278 2594 1323 sam
2639 1274 2895 1345 operam
2960 1256 3338 1326 erudiendae
3401 1262 3621 1327 eorum
3694 1280 3819 1348 ope
3892 1282 4010 1348 po·

738 1341 747 1365 ’
801 1379 1002 1453 usque
1065 1356 1147 1423 ad
1218 1355 1607 1426 Gordianum
1663 1360 1885 1428 saltem
1950 1357 2127 1431 nulla
2188 1357 2369 1427 indu·
2438 1356 2703 1425 steritati
2763 1359 2896 1427 sive
2952 1359 3234 1448 legendis
3300 1360 3471 1448 'typis
3537 1381 3744 1428 rerum
3805 1373 4008 1479 gesta-

801 1469 903 1526 cta
972 1458 1268 1527 varietate
1339 1467 1686 1545 uterentur,
1774 1484 1855 1530 en
1919 1462 2038 1530 tibi
2110 1471 2370 1550 repente
2434 1481 2571 1528 rum
2613 1460 2907 1545 testibus,
2967 1464 3100 1531 sive
3149 1464 3229 1530 iis
3285 1483 3626 1551 eorumque
3671 1462 3872 1529 causis
3913 1464 4007 1531 ia·
4135 1472 4140 1477 ’

801 1580 1027 1628 numos
1107 1581 1338 1627 aeneos
1392 1564 1784 1675 conspicui
1819 1564 2156 1645 voluminis
2228 1584 2369 1630 cum
2436 1562 2781 1651 scriptione
2863 1564 3294 1652 explicandis,
3393 1564 3526 1632 sive
3601 1562 4008 1652 adsignandis

802 1664 1009 1753 capite
1076 1661 1382 1746 Antinoi,
1481 1686 1765 1754 eosque
1812 1686 1945 1734 non
2028 1666 2369 1754 inscriptos
2435 1663 2727 1753 proxime
2797 1667 3208 1765 temporibus.
3295 1666 3429 1733 Sed
3501 1676 3722 1734 contra
3779 1666 4012 1735 factum

799 1766 1062 1849 Latine,
1152 1774 1221 1833 ut
1291 1787 1537 1855 semper
1609 1768 1765 1836 alias
1784 1812 1804 1851 ,
1893 1768 2009 1837 sed
2084 1771 2372 1837 Graece.
2437 1766 2763 1851 videmus,
2847 1768 2987 1857 typi
3080 1768 3446 1872 plerumque
3533 1768 3710 1856 vagi,
3809 1778 3874 1834 et
3941 1769 4010 1836 in

802 1868 1404 1942 MAPKGAAOG.
1487 1867 1966 1942 ΑΝΕΘΗΚΕ.
2047 1858 2279 1939 KOFI
2277 1874 2372 1938 N
2445 1869 2768 1956 religionis
2866 1869 3035 1938 cultu
3131 1868 3460 1960 occupati,
3565 1870 4009 1958 inscriptiones

680 1966 687 1973 ’
804 1969 1056 2037 θΙΩΝ.
1182 1969 1285 2039 An
1378 1981 1693 2040 monetam
1779 1971 2054 2041 dicemus
2147 1994 2377 2041 numos
2441 1981 2552 2039 aut
2621 1971 2864 2054 nullae,
2930 1981 3037 2039 aut
3101 1992 3318 2060 vagae
3341 1973 3553 2039 etiam
3623 1976 3808 2061 atque
3877 1973 4008 2039 stili

800 2073 985 2141 unius
1041 2071 1302 2145 Antinoi
1357 2095 1544 2141 causa
1604 2094 1940 2163 percussos
1954 2125 1973 2156 ,
2048 2085 2113 2143 et
2180 2077 2274 2142 sic
2337 2098 2377 2142 a
2445 2073 2773 2156 ordinarii,
2839 2081 2903 2139 et
2958 2074 3015 2140 si
3059 2093 3182 2161 qua
3232 2073 3412 2141 adest
3470 2076 3772 2163 temporis
3834 2085 4007 2158 nota,
4099 2108 4116 2171 '.

768 2185 1090 2244 ‘monetae
1136 2174 1488 2244 ordinariae
1530 2187 1594 2244 et
1630 2179 1897 2247 usitatae
1926 2178 2170 2266 legibus
2195 2178 2372 2245 aber·
2445 2174 2605 2241 haec
2670 2195 2925 2265 quoque
2986 2176 3242 2242 nonnisi
3303 2196 3460 2263 vaga
3535 2185 3630 2244 et
3672 2175 4032 2259 ordinaria„

778 2278 1051 2347 rantes?
2439 2280 2752 2361 Quantum
2825 2277 2992 2344 enim
3062 2287 3200 2360 est,
3283 2277 3456 2367 quod
3529 2288 3822 2394 posteros
3882 2298 4008 2345 nos

971 2378 1185 2469 Multo
1252 2383 1455 2448 minus
1517 2381 1584 2447 in
1651 2372 1939 2450 monetae
1999 2380 2194 2451 modo
2256 2402 2371 2469 pu·
2437 2380 2701 2447 instruat
2794 2402 2854 2447 v.
2922 2400 2983 2466 g.
3070 2401 3303 2449 aeneus
3383 2380 3685 2451 maximae
3765 2380 4007 2449 formae

684 2556 690 2565 ,
800 2464 1067 2549 tabimus
1126 2487 1500 2551 numismata
1566 2483 1725 2567 illa,
1811 2486 1881 2551 in
1951 2506 2112 2573 quae
2193 2482 2370 2551 effin-
2439 2482 2780 2575 Hadriani,
2853 2481 2921 2563 in
2985 2485 3162 2568 cujus
3236 2502 3452 2552 aversa
3511 2482 3793 2571 graditur
3854 2481 4006 2549 Dia·

800 2586 1008 2670 genda
1077 2585 1275 2671 plus
1290 2606 1566 2674 operae,
1655 2595 1720 2652 et
1793 2587 2072 2657 arcessiti
2130 2585 2371 2655 laboris
2435 2606 2518 2653 na
2584 2583 2877 2655 Lucifera
2952 2600 3034 2651 ne
3118 2580 3388 2655 verbulo
3478 2585 3729 2676 quidem
3819 2585 4005 2671 hujus

800 2687 1147 2774 impensum
1190 2696 1323 2771 est,
1407 2708 1592 2807 quam
1638 2698 1961 2778 quantum
1985 2689 2055 2757 in
2096 2688 2370 2757 forman·
2438 2708 2686 2755 causam
2727 2687 2890 2775 typi
2912 2686 3224 2756 dictante?
3263 2686 3444 2757 Male
3485 2710 3638 2757 sane
3677 2687 4007 2757 nobiscum

804 2786 948 2855 dam
1012 2797 1327 2857 monetam
1401 2792 1572 2859 omni
1643 2813 1801 2869 aevo
1874 2791 2147 2859 conferri
2219 2811 2369 2857 con·
2437 2799 2642 2879 actum
2696 2788 2894 2873 foret,
2966 2790 3022 2856 si
3074 2791 3222 2858 sola
3272 2790 3429 2859 haec
3485 2792 3571 2859 ad
3611 2812 3731 2885 nos
3773 2790 4004 2857 numis-

652 2938 665 2949 .
802 2890 1019 2957 suevit.
1108 2891 1315 2981 Hujus
1351 2895 1612 2982 generis
1678 2903 1826 2961 sunt
1877 2894 2048 2962 numi
2100 2893 2371 2984 duplicis
2437 2888 2601 2961 mata
2662 2892 3135 2982 pervenissent,
3211 2903 3276 2961 et
3324 2915 3456 2961 non
3517 2880 3701 2962 etiam
3750 2902 4006 2995 moneta

802 2992 1064 3077 metalli,
1136 2995 1265 3065 vel
1303 2998 1412 3086 qui
1476 2998 1645 3066 numi
1698 2998 1907 3080 aenei,
1972 2998 2181 3085 reipsa
2243 2998 2368 3086 pri·
2405 3004 2659 3079 vetus,
2750 3017 2966 3085 quae
2991 2996 3365 3086 plerumque
3434 2998 3732 3090 spectatis
3808 2998 4005 3067 omni·

800 3116 940 3162 mae
1019 3106 1258 3165 tantum
1347 3098 1630 3184 formae,
1727 3101 1795 3166 in
1874 3099 2067 3168 latum
2149 3099 2369 3168 orbem
2437 3094 2554 3166 bus
2620 3096 3036 3193 philologiae
3061 3101 3273 3168 causis
3335 3099 3523 3188 plus
3544 3123 3665 3169 nos
3735 3100 4004 3183 instruit,

802 3208 1059 3266 aeneum
1112 3218 1255 3268 sese
1306 3203 1664 3307 porrigunt,
1729 3201 1835 3272 vel
1897 3224 2060 3292 quos
2112 3202 2369 3322 majoris
2437 3220 2624 3320 quam
2702 3202 2977 3291 superba
3056 3225 3133 3271 ea
3212 3201 3616 3283 numismata,
3712 3222 4004 3303 quorum),

798 3300 1042 3377 moduli
1112 3324 1341 3372 numos
1413 3326 1640 3375 aureos
1690 3304 2057 3395 quaedam
2095 3306 2368 3393 exquisi-
2435 3305 2654 3391 paucis
2725 3303 3031 3393 demptis,
3131 3303 3468 3371 maximum
3550 3301 3857 3375 meritum
3905 3311 4004 3369 est

800 3413 902 3469 tae
988 3399 1136 3473 artis
1228 3418 1593 3475 ornamenta
1677 3407 1956 3476 ambiunt
1975 3454 1995 3490 ,
2083 3419 2190 3477 aut
2263 3411 2371 3498 qui
2434 3406 2762 3487 volumen,
2824 3427 2900 3473 ac
2954 3405 3166 3493 operis
3226 3402 3550 3490 elegantia.
3678 3403 3832 3470 Vidi
3885 3425 4003 3493 po·-

802 3502 901 3570 sui
962 3514 1176 3591 parte
1202 3508 1408 3575 aureis
1479 3512 1869 3597 argenteisve
1930 3508 2236 3577 lamellis
2265 3532 2368 3577 ve-
2436 3515 2616 3588 stea,
2722 3527 2909 3595 quam
2985 3506 3142 3574 haec
3204 3506 3616 3594 scripseram,
3721 3507 3789 3574 in
3862 3528 4004 3579 mea

702 3602 723 3609 “
800 3607 1084 3673 stiuntur.
1165 3607 1456 3703 Denique
1506 3611 1631 3678 huc
1678 3612 1844 3680 refer
1896 3634 2121 3681 numos
2165 3611 2371 3679 dictos
2437 3608 2623 3675 etiam
2714 3607 3022 3676 sententia
3119 3607 3314 3676 fuisse
3406 3608 4001 3696 praestantissimum

805 3707 1304 3794 Contorniatos,
1403 3720 1720 3798 tesseras,
1835 3714 2166 3804 plumbeos
2249 3724 2367 3781 etc.
2433 3709 3023 3852 Barthelemyum¹).
3644 3738 3667 3761 ·
4107 3782 4116 3791 ,

802 3832 964 3899 quos
1045 3813 1605 3900 pseudomonetam
1665 3821 1812 3904 jure
1890 3816 2214 3897 dicemus,
2303 3825 2368 3884 et
2585 3814 2846 3882 Alias
2867 3813 2975 3880 alii
3025 3814 3212 3900 hujus
3263 3811 3530 3880 instituti
3571 3835 3793 3883 causas
3838 3824 3997 3882 attu-

702 3948 707 3955 ·
801 3913 884 3981 de
923 3915 1148 4005 quibus
1191 3939 1275 3985 ex
1317 3921 1651 4008 proposito
1707 3918 1907 4005 agitur
1947 3917 2116 3985 alibi.
2431 3915 2580 3983 lere.
2702 3917 2824 3983 His
2889 3915 3251 3985 enarrandis
3320 3914 3570 4004 longius
3639 3918 4004 3995 immoratus

1003 4018 1335 4109 Superest,
1409 4031 1508 4106 ut,
1593 4019 1846 4111 quando
1915 4019 1996 4088 de
2075 4030 2366 4089 monetae
2431 4029 2529 4087 est
2570 4018 2882 4089 Savotus¹²
2891 4028 2933 4101 ).
2995 4014 3347 4102 Existimat,
3392 4019 3680 4105 serviisse
3719 4021 3788 4086 in
3829 4018 3998 4105 sigil-

580 4084 591 4090 Β
684 4189 688 4195 ,
801 4138 919 4185 usu
973 4130 1246 4206 constat,
1312 4126 1689 4216 inquiramus
1741 4124 1958 4206 etiam,
2026 4144 2185 4212 quae
2236 4121 2364 4191 fue·
2431 4121 2624 4205 laria,
2718 4122 2926 4210 qualia
2997 4132 3156 4190 teste
3228 4122 3563 4210 Spartiano
3637 4120 4012 4203 Hadrianus

800 4218 882 4287 rit
954 4173 1305 4309 probabilis
1389 4228 1677 4296 similium
1758 4224 2179 4317 parandorum
2253 4247 2364 4294 nu·
2431 4225 2647 4292 amicis
2687 4225 3157 4316 inopinantibus
3198 4224 3395 4305 misit,
3436 4234 3501 4293 et
3541 4222 3621 4291 ab
3661 4223 3766 4291 his
3821 4244 3993 4291 acce·

772 4323 1146 4409 'mismatum
1201 4349 1405 4396 causa.
1491 4329 1695 4398 Fuere
1759 4331 1877 4399 viri
1928 4327 2182 4411 eruditi,
2258 4329 2367 4417 qui
2429 4327 2546 4416 pit.
2633 4327 2968 4398 Crederem
3007 4326 3196 4409 istud,
3241 4328 3295 4394 si
3338 4327 3508 4394 numi
3548 4325 3734 4413 hujus
3767 4325 3995 4394 aetatis

3077 4484 3177 4504 -τ-

939 4544 983 4611 1)
1021 4545 1083 4604 Β.
1122 4548 1177 4603 L·
1213 4548 1279 4603 Τ.
1313 4549 1502 4609 xxlv.
1536 4569 1588 4622 Ρ.
1623 4543 1707 4605 34.
1738 4570 1844 4620 seq.
1980 4549 2035 4617 k)
2072 4550 2230 4607 Num·
2266 4564 2367 4603 ant.
2392 4568 2504 4621 cap.
2541 4549 2672 4603 vm.
