<?xml version="1.0" encoding="UTF-8"?>
<!DOCTYPE html PUBLIC "-//W3C//DTD XHTML 1.0 Transitional//EN"
    "http://www.w3.org/TR/xhtml1/DTD/xhtml1-transitional.dtd">
<html xmlns="http://www.w3.org/1999/xhtml" xml:lang="en" lang="en">
 <head>
  <title>
</title>
<meta http-equiv="Content-Type" content="text/html;charset=utf-8" />
  <meta name='ocr-system' content='tesseract 3.04.00' />
  <meta name='ocr-capabilities' content='ocr_page ocr_carea ocr_par ocr_line ocrx_word'/>
</head>
<body>
  <div class='ocr_page' id='page_1' title='image "./doctrinanumorum12unkngoog_0154.png"; bbox 0 0 4450 5542; ppageno 0'>
   <div class='ocr_carea' id='block_1_1' title="bbox 829 528 968 600">
    <p class='ocr_par' dir='ltr' id='par_1_1' title="bbox 829 528 968 600">
     <span class='ocr_line' id='line_1_1' title="bbox 829 528 968 600; baseline -0.007 -21"><span class='ocrx_word' id='word_1_1' title='bbox 829 528 968 600; x_wconf 75' lang='lat' dir='ltr'>cxx</span> 
     </span>
    </p>
   </div>
   <div class='ocr_carea' id='block_1_2' title="bbox 766 767 2406 1165">
    <p class='ocr_par' dir='ltr' id='par_1_2' title="bbox 766 767 2406 1165">
     <span class='ocr_line' id='line_1_2' title="bbox 832 767 2406 860; baseline -0.001 -21"><span class='ocrx_word' id='word_1_2' title='bbox 832 771 1071 840; x_wconf 87' lang='lat' dir='ltr'>riorum</span> <span class='ocrx_word' id='word_1_3' title='bbox 1144 783 1364 854; x_wconf 84' lang='lat' dir='ltr'>agmen</span> <span class='ocrx_word' id='word_1_4' title='bbox 1433 767 1693 850; x_wconf 76' lang='lat' dir='ltr'>infinitis</span> <span class='ocrx_word' id='word_1_5' title='bbox 1767 770 2215 860; x_wconf 77' lang='lat' dir='ltr'><strong>supplementis</strong></span> <span class='ocrx_word' id='word_1_6' title='bbox 2303 793 2406 838; x_wconf 87' lang='lat' dir='ltr'>au-</span> 
     </span>
     <span class='ocr_line' id='line_1_3' title="bbox 766 867 2363 942; baseline -0.001 0"><span class='ocrx_word' id='word_1_7' title='bbox 766 878 779 884; x_wconf 78' lang='grc'><strong><em>’</em></strong></span> <span class='ocrx_word' id='word_1_8' title='bbox 834 896 1007 942; x_wconf 84' lang='lat' dir='ltr'>xere.</span> <span class='ocrx_word' id='word_1_9' title='bbox 1038 873 1071 908; x_wconf 75' lang='lat'>¹*</span> <span class='ocrx_word' id='word_1_10' title='bbox 1521 926 1527 930; x_wconf 77' lang='lat'>.</span> <span class='ocrx_word' id='word_1_11' title='bbox 2342 867 2363 880; x_wconf 77' lang='lat'><strong><em>‘</em></strong></span> 
     </span>
     <span class='ocr_line' id='line_1_4' title="bbox 990 872 2403 1060; baseline 0.001 -19.024"><span class='ocrx_word' id='word_1_12' title='bbox 990 872 1111 1041; x_wconf 56' lang='lat' dir='ltr'>Ag</span> <span class='ocrx_word' id='word_1_13' title='bbox 1170 971 1395 1039; x_wconf 90' lang='lat' dir='ltr'>horum</span> <span class='ocrx_word' id='word_1_14' title='bbox 1449 993 1604 1060; x_wconf 87' lang='lat' dir='ltr'>ergo</span> <span class='ocrx_word' id='word_1_15' title='bbox 1672 974 2109 1042; x_wconf 84' lang='lat' dir='ltr'>tenebrionum</span> <span class='ocrx_word' id='word_1_16' title='bbox 2161 973 2403 1042; x_wconf 84' lang='lat' dir='ltr'>astutiis</span> 
     </span>
     <span class='ocr_line' id='line_1_5' title="bbox 781 1076 2402 1165; baseline -0.001 -19"><span class='ocrx_word' id='word_1_17' title='bbox 781 1125 799 1146; x_wconf 45' lang='grc' dir='ltr'><em>Ι</em></span> <span class='ocrx_word' id='word_1_18' title='bbox 834 1088 905 1146; x_wconf 85' lang='grc' dir='ltr'>ιιι</span> <span class='ocrx_word' id='word_1_19' title='bbox 955 1086 1126 1144; x_wconf 82' lang='lat' dir='ltr'>tutos</span> <span class='ocrx_word' id='word_1_20' title='bbox 1193 1084 1572 1165; x_wconf 82' lang='lat' dir='ltr'>praestarem</span> <span class='ocrx_word' id='word_1_21' title='bbox 1634 1077 1785 1143; x_wconf 85' lang='lat' dir='ltr'>artis</span> <span class='ocrx_word' id='word_1_22' title='bbox 1850 1087 2105 1145; x_wconf 86' lang='lat' dir='ltr'>nostrae</span> <span class='ocrx_word' id='word_1_23' title='bbox 2162 1076 2402 1145; x_wconf 83' lang='lat' dir='ltr'>studio-</span> 
     </span>
    </p>
   </div>
   <div class='ocr_carea' id='block_1_3' title="bbox 676 1178 2404 1274">
    <p class='ocr_par' dir='ltr' id='par_1_3' title="bbox 676 1178 2404 1274">
     <span class='ocr_line' id='line_1_6' title="bbox 676 1178 2404 1274; baseline 0 -27"><span class='ocrx_word' id='word_1_24' title='bbox 676 1265 679 1274; x_wconf 21' lang='lat'><em>*</em></span> <span class='ocrx_word' id='word_1_25' title='bbox 749 1221 753 1229; x_wconf 91' lang='lat'><em>-</em></span> <span class='ocrx_word' id='word_1_26' title='bbox 834 1202 975 1262; x_wconf 88' lang='lat' dir='ltr'>sos,</span> <span class='ocrx_word' id='word_1_27' title='bbox 1031 1178 1358 1266; x_wconf 86' lang='lat' dir='ltr'>sequentia</span> <span class='ocrx_word' id='word_1_28' title='bbox 1411 1179 1763 1267; x_wconf 82' lang='lat' dir='ltr'>conscripsi</span> <span class='ocrx_word' id='word_1_29' title='bbox 1814 1183 2180 1269; x_wconf 84' lang='lat' dir='ltr'>praecepta,</span> <span class='ocrx_word' id='word_1_30' title='bbox 2244 1202 2404 1269; x_wconf 89' lang='lat' dir='ltr'>quae</span> 
     </span>
    </p>
   </div>
   <div class='ocr_carea' id='block_1_4' title="bbox 835 1273 2409 1575">
    <p class='ocr_par' dir='ltr' id='par_1_4' title="bbox 835 1273 2409 1575">
     <span class='ocr_line' id='line_1_7' title="bbox 835 1273 2320 1386; baseline 0 -36"><span class='ocrx_word' id='word_1_31' title='bbox 835 1282 1073 1386; x_wconf 76' lang='lat' dir='ltr'>placuit</span> <span class='ocrx_word' id='word_1_32' title='bbox 1112 1281 1178 1348; x_wconf 90' lang='lat' dir='ltr'>in</span> <span class='ocrx_word' id='word_1_33' title='bbox 1221 1281 1306 1351; x_wconf 89' lang='lat' dir='ltr'>X.</span> <span class='ocrx_word' id='word_1_34' title='bbox 1349 1273 1649 1348; x_wconf 83' lang='lat' dir='ltr'>articulos</span> <span class='ocrx_word' id='word_1_35' title='bbox 1694 1282 2006 1364; x_wconf 78' lang='lat' dir='ltr'>dividere,</span> <span class='ocrx_word' id='word_1_36' title='bbox 2054 1305 2320 1373; x_wconf 92' lang='lat' dir='ltr'>quorum</span> 
     </span>
     <span class='ocr_line' id='line_1_8' title="bbox 1008 1382 2409 1530; baseline 0.006 -83"><span class='ocrx_word' id='word_1_37' title='bbox 1008 1385 1058 1448; x_wconf 91' lang='grc' dir='ltr'>Ι.</span> <span class='ocrx_word' id='word_1_38' title='bbox 1125 1391 1269 1468; x_wconf 88' lang='lat' dir='ltr'>aget</span> <span class='ocrx_word' id='word_1_39' title='bbox 1333 1382 1416 1449; x_wconf 89' lang='lat' dir='ltr'>de</span> <span class='ocrx_word' id='word_1_40' title='bbox 1478 1385 1681 1451; x_wconf 86' lang='lat' dir='ltr'>numis</span> <span class='ocrx_word' id='word_1_41' title='bbox 1736 1386 2026 1453; x_wconf 89' lang='lat' dir='ltr'>moderni</span> <span class='ocrx_word' id='word_1_42' title='bbox 2084 1388 2409 1530; x_wconf 82' lang='lat' dir='ltr'>commatis</span> 
     </span>
     <span class='ocr_line' id='line_1_9' title="bbox 837 1471 1892 1575; baseline 0.002 -21"><span class='ocrx_word' id='word_1_43' title='bbox 837 1471 1093 1556; x_wconf 72' lang='lat' dir='ltr'>nomine</span> <span class='ocrx_word' id='word_1_44' title='bbox 1135 1488 1562 1555; x_wconf 75' lang='lat' dir='ltr'>Patavinorum</span> <span class='ocrx_word' id='word_1_45' title='bbox 1604 1489 1892 1575; x_wconf 87' lang='lat' dir='ltr'>cognitis.</span> 
     </span>
    </p>
   </div>
   <div class='ocr_carea' id='block_1_5' title="bbox 836 1583 2410 1763">
    <p class='ocr_par' dir='ltr' id='par_1_5' title="bbox 836 1583 2410 1760">
     <span class='ocr_line' id='line_1_10' title="bbox 1009 1583 2410 1676; baseline 0.003 -20"><span class='ocrx_word' id='word_1_46' title='bbox 1009 1589 1089 1656; x_wconf 92' lang='lat'>11.</span> <span class='ocrx_word' id='word_1_47' title='bbox 1156 1586 1237 1653; x_wconf 92' lang='lat' dir='ltr'>de</span> <span class='ocrx_word' id='word_1_48' title='bbox 1292 1590 1494 1676; x_wconf 80' lang='lat' dir='ltr'>numis</span> <span class='ocrx_word' id='word_1_49' title='bbox 1550 1590 1709 1659; x_wconf 84' lang='lat' dir='ltr'>fusis</span> <span class='ocrx_word' id='word_1_50' title='bbox 1761 1593 1828 1659; x_wconf 88' lang='lat' dir='ltr'>in</span> <span class='ocrx_word' id='word_1_51' title='bbox 1881 1593 2137 1660; x_wconf 80' lang='lat' dir='ltr'>matrice</span> <span class='ocrx_word' id='word_1_52' title='bbox 2189 1583 2410 1660; x_wconf 84' lang='lat' dir='ltr'>numo-</span> 
     </span>
     <span class='ocr_line' id='line_1_11' title="bbox 836 1681 1523 1763; baseline 0.002 -4"><span class='ocrx_word' id='word_1_53' title='bbox 836 1709 975 1759; x_wconf 87' lang='lat' dir='ltr'>rum</span> <span class='ocrx_word' id='word_1_54' title='bbox 1018 1681 1523 1763; x_wconf 89' lang='lat' dir='ltr'>modernorum.</span> 
     </span>
    </p>
   </div>
   <div class='ocr_carea' id='block_1_6' title="bbox 750 1769 2426 3421">
    <p class='ocr_par' dir='ltr' id='par_1_6' title="bbox 836 1769 2409 1986">
     <span class='ocr_line' id='line_1_12' title="bbox 1011 1769 2409 1868; baseline 0.003 -8"><span class='ocrx_word' id='word_1_55' title='bbox 1011 1793 1123 1861; x_wconf 86' lang='grc' dir='ltr'><strong>ΙΙΙ.</strong></span> <span class='ocrx_word' id='word_1_56' title='bbox 1184 1793 1267 1860; x_wconf 87' lang='lat' dir='ltr'>de</span> <span class='ocrx_word' id='word_1_57' title='bbox 1321 1795 1524 1868; x_wconf 76' lang='lat' dir='ltr'>numis</span> <span class='ocrx_word' id='word_1_58' title='bbox 1577 1794 1734 1864; x_wconf 83' lang='lat' dir='ltr'>fusis</span> <span class='ocrx_word' id='word_1_59' title='bbox 1785 1796 1850 1863; x_wconf 85' lang='lat' dir='ltr'>in</span> <span class='ocrx_word' id='word_1_60' title='bbox 1896 1769 2148 1865; x_wconf 78' lang='lat' dir='ltr'>matrice</span> <span class='ocrx_word' id='word_1_61' title='bbox 2191 1797 2409 1866; x_wconf 79' lang='lat' dir='ltr'>numo·</span> 
     </span>
     <span class='ocr_line' id='line_1_13' title="bbox 836 1898 1526 1986; baseline -0.001 -21"><span class='ocrx_word' id='word_1_62' title='bbox 836 1919 975 1965; x_wconf 86' lang='lat' dir='ltr'>rum</span> <span class='ocrx_word' id='word_1_63' title='bbox 1018 1898 1434 1986; x_wconf 86' lang='lat' dir='ltr'>antiquorum.</span> <span class='ocrx_word' id='word_1_64' title='bbox 1522 1917 1526 1926; x_wconf 62' lang='lat'><strong><em>⁴</em></strong></span> 
     </span>
    </p>

    <p class='ocr_par' dir='ltr' id='par_1_7' title="bbox 839 1998 2413 2192">
     <span class='ocr_line' id='line_1_14' title="bbox 1010 1998 2413 2090; baseline 0.003 -25"><span class='ocrx_word' id='word_1_65' title='bbox 1010 1998 1123 2070; x_wconf 79' lang='lat' dir='ltr'>IV,</span> <span class='ocrx_word' id='word_1_66' title='bbox 1188 1998 1271 2065; x_wconf 88' lang='lat' dir='ltr'>de</span> <span class='ocrx_word' id='word_1_67' title='bbox 1322 2001 1526 2067; x_wconf 91' lang='lat' dir='ltr'>numis</span> <span class='ocrx_word' id='word_1_68' title='bbox 1581 2001 1884 2090; x_wconf 79' lang='lat' dir='ltr'>antiquis,</span> <span class='ocrx_word' id='word_1_69' title='bbox 1959 2019 2224 2090; x_wconf 88' lang='lat' dir='ltr'>quorum</span> <span class='ocrx_word' id='word_1_70' title='bbox 2285 2024 2413 2069; x_wconf 91' lang='lat' dir='ltr'>mu·</span> 
     </span>
     <span class='ocr_line' id='line_1_15' title="bbox 839 2102 1648 2192; baseline -0.003 -22"><span class='ocrx_word' id='word_1_71' title='bbox 839 2111 1049 2170; x_wconf 87' lang='lat' dir='ltr'>tantur</span> <span class='ocrx_word' id='word_1_72' title='bbox 1092 2102 1357 2191; x_wconf 85' lang='lat' dir='ltr'>capita,-</span> <span class='ocrx_word' id='word_1_73' title='bbox 1354 2112 1447 2169; x_wconf 88' lang='lat' dir='ltr'>et</span> <span class='ocrx_word' id='word_1_74' title='bbox 1489 2104 1648 2192; x_wconf 87' lang='lat' dir='ltr'><strong>typi.</strong></span> 
     </span>
    </p>

    <p class='ocr_par' dir='ltr' id='par_1_8' title="bbox 814 2204 2418 2397">
     <span class='ocr_line' id='line_1_16' title="bbox 1012 2204 2418 2280; baseline 0.002 -8"><span class='ocrx_word' id='word_1_75' title='bbox 1012 2206 1093 2274; x_wconf 88' lang='lat' dir='ltr'>V.</span> <span class='ocrx_word' id='word_1_76' title='bbox 1160 2205 1243 2274; x_wconf 85' lang='lat' dir='ltr'>de</span> <span class='ocrx_word' id='word_1_77' title='bbox 1294 2204 1498 2280; x_wconf 82' lang='lat' dir='ltr'>numis</span> <span class='ocrx_word' id='word_1_78' title='bbox 1552 2204 1786 2272; x_wconf 88' lang='lat' dir='ltr'>malleo</span> <span class='ocrx_word' id='word_1_79' title='bbox 1839 2206 2300 2276; x_wconf 87' lang='lat' dir='ltr'>transformatis</span> <span class='ocrx_word' id='word_1_80' title='bbox 2354 2216 2418 2275; x_wconf 86' lang='lat' dir='ltr'>et</span> 
     </span>
     <span class='ocr_line' id='line_1_17' title="bbox 814 2309 1231 2397; baseline -0.003 -20"><span class='ocrx_word' id='word_1_81' title='bbox 814 2309 1231 2397; x_wconf 46' lang='lat' dir='ltr'>*compositis-</span> 
     </span>
    </p>

    <p class='ocr_par' dir='ltr' id='par_1_9' title="bbox 864 2409 1740 2477">
     <span class='ocr_line' id='line_1_18' title="bbox 864 2409 1740 2477; baseline -0.001 -1"><span class='ocrx_word' id='word_1_82' title='bbox 864 2409 868 2413; x_wconf 39' lang='lat'>*</span> <span class='ocrx_word' id='word_1_83' title='bbox 1010 2411 1123 2476; x_wconf 89' lang='lat' dir='ltr'>VL</span> <span class='ocrx_word' id='word_1_84' title='bbox 1180 2409 1261 2475; x_wconf 91' lang='lat' dir='ltr'>de</span> <span class='ocrx_word' id='word_1_85' title='bbox 1303 2409 1511 2477; x_wconf 85' lang='lat' dir='ltr'>numis</span> <span class='ocrx_word' id='word_1_86' title='bbox 1556 2410 1740 2476; x_wconf 83' lang='lat' dir='ltr'>fissis.</span> 
     </span>
    </p>

    <p class='ocr_par' dir='ltr' id='par_1_10' title="bbox 1011 2481 2350 2580">
     <span class='ocr_line' id='line_1_19' title="bbox 1011 2481 2350 2580; baseline -0.001 -1"><span class='ocrx_word' id='word_1_87' title='bbox 1011 2512 1159 2579; x_wconf 90' lang='lat' dir='ltr'>VII.</span> <span class='ocrx_word' id='word_1_88' title='bbox 1215 2509 1295 2577; x_wconf 90' lang='lat' dir='ltr'>de</span> <span class='ocrx_word' id='word_1_89' title='bbox 1346 2510 1549 2576; x_wconf 89' lang='lat' dir='ltr'>numis</span> <span class='ocrx_word' id='word_1_90' title='bbox 1597 2511 1947 2580; x_wconf 84' lang='lat' dir='ltr'>subaeratis</span> <span class='ocrx_word' id='word_1_91' title='bbox 1988 2520 2054 2578; x_wconf 91' lang='lat' dir='ltr'>et</span> <span class='ocrx_word' id='word_1_92' title='bbox 2096 2481 2350 2578; x_wconf 83' lang='lat' dir='ltr'>incusis.</span> 
     </span>
    </p>

    <p class='ocr_par' dir='ltr' id='par_1_11' title="bbox 845 2611 2417 2806">
     <span class='ocr_line' id='line_1_20' title="bbox 1009 2611 2417 2703; baseline 0.001 -22"><span class='ocrx_word' id='word_1_93' title='bbox 1009 2612 1189 2681; x_wconf 86' lang='lat' dir='ltr'>VIII.</span> <span class='ocrx_word' id='word_1_94' title='bbox 1238 2611 1320 2679; x_wconf 86' lang='lat' dir='ltr'>de</span> <span class='ocrx_word' id='word_1_95' title='bbox 1362 2612 1566 2690; x_wconf 83' lang='lat' dir='ltr'>numis</span> <span class='ocrx_word' id='word_1_96' title='bbox 1608 2613 1926 2681; x_wconf 83' lang='lat' dir='ltr'>veteribus</span> <span class='ocrx_word' id='word_1_97' title='bbox 1970 2613 2150 2699; x_wconf 62' lang='lat' dir='ltr'>frisia,</span> <span class='ocrx_word' id='word_1_98' title='bbox 2194 2614 2417 2703; x_wconf 81' lang='lat' dir='ltr'>iisque,</span> 
     </span>
     <span class='ocr_line' id='line_1_21' title="bbox 845 2701 1760 2806; baseline -0.001 -23"><span class='ocrx_word' id='word_1_99' title='bbox 845 2716 953 2806; x_wconf 90' lang='lat' dir='ltr'>qui</span> <span class='ocrx_word' id='word_1_100' title='bbox 995 2701 1144 2783; x_wconf 79' lang='lat' dir='ltr'>sunt</span> <span class='ocrx_word' id='word_1_101' title='bbox 1187 2707 1457 2804; x_wconf 85' lang='lat' dir='ltr'>duplicis</span> <span class='ocrx_word' id='word_1_102' title='bbox 1503 2714 1760 2782; x_wconf 85' lang='lat' dir='ltr'>metalli.</span> 
     </span>
    </p>

    <p class='ocr_par' dir='ltr' id='par_1_12' title="bbox 843 2764 2419 3010">
     <span class='ocr_line' id='line_1_22' title="bbox 968 2764 2419 2908; baseline 0.001 -24.035"><span class='ocrx_word' id='word_1_103' title='bbox 968 2816 1133 2894; x_wconf 82' lang='lat' dir='ltr'>IX.</span> <span class='ocrx_word' id='word_1_104' title='bbox 1191 2817 1272 2885; x_wconf 89' lang='lat' dir='ltr'>de</span> <span class='ocrx_word' id='word_1_105' title='bbox 1324 2819 1530 2886; x_wconf 86' lang='lat' dir='ltr'>numis</span> <span class='ocrx_word' id='word_1_106' title='bbox 1584 2817 1901 2900; x_wconf 85' lang='lat' dir='ltr'>confictis,</span> <span class='ocrx_word' id='word_1_107' title='bbox 1966 2828 2030 2885; x_wconf 89' lang='lat' dir='ltr'>et</span> <span class='ocrx_word' id='word_1_108' title='bbox 2081 2764 2192 2901; x_wconf 76' lang='lat' dir='ltr'>iis,</span> <span class='ocrx_word' id='word_1_109' title='bbox 2262 2839 2419 2908; x_wconf 89' lang='lat' dir='ltr'>quo·</span> 
     </span>
     <span class='ocr_line' id='line_1_23' title="bbox 843 2920 1909 3010; baseline 0.002 -23"><span class='ocrx_word' id='word_1_110' title='bbox 843 2940 981 2987; x_wconf 89' lang='lat' dir='ltr'>rum</span> <span class='ocrx_word' id='word_1_111' title='bbox 1023 2922 1209 3007; x_wconf 89' lang='lat' dir='ltr'>pauci</span> <span class='ocrx_word' id='word_1_112' title='bbox 1249 2920 1649 2989; x_wconf 77' lang='lat' dir='ltr'>inveniuntur</span> <span class='ocrx_word' id='word_1_113' title='bbox 1692 2922 1909 3010; x_wconf 84' lang='lat' dir='ltr'>spurii.</span> 
     </span>
    </p>

    <p class='ocr_par' dir='ltr' id='par_1_13' title="bbox 750 2965 2426 3421">
     <span class='ocr_line' id='line_1_24' title="bbox 1017 2965 2421 3110; baseline -0.001 -20"><span class='ocrx_word' id='word_1_114' title='bbox 1017 3021 1102 3090; x_wconf 91' lang='grc' dir='ltr'>Χ.</span> <span class='ocrx_word' id='word_1_115' title='bbox 1179 3024 1287 3110; x_wconf 91' lang='lat' dir='ltr'>qui</span> <span class='ocrx_word' id='word_1_116' title='bbox 1353 3023 1651 3092; x_wconf 81' lang='lat' dir='ltr'><strong>articulus</strong></span> <span class='ocrx_word' id='word_1_117' title='bbox 1707 3024 1975 3110; x_wconf 72' lang='lat' dir='ltr'>titulum</span> <span class='ocrx_word' id='word_1_118' title='bbox 2045 3043 2178 3090; x_wconf 88' lang='lat' dir='ltr'>non</span> <span class='ocrx_word' id='word_1_119' title='bbox 2244 2965 2421 3110; x_wconf 76' lang='lat' dir='ltr'>prae·</span> 
     </span>
     <span class='ocr_line' id='line_1_25' title="bbox 847 3123 2423 3215; baseline -0.001 -24"><span class='ocrx_word' id='word_1_120' title='bbox 847 3123 1003 3208; x_wconf 86' lang='lat' dir='ltr'>fert,</span> <span class='ocrx_word' id='word_1_121' title='bbox 1080 3135 1145 3192; x_wconf 89' lang='lat' dir='ltr'>et</span> <span class='ocrx_word' id='word_1_122' title='bbox 1200 3126 1613 3194; x_wconf 78' lang='lat' dir='ltr'>omittendum</span> <span class='ocrx_word' id='word_1_123' title='bbox 1670 3124 1856 3210; x_wconf 81' lang='lat' dir='ltr'>duxi,</span> <span class='ocrx_word' id='word_1_124' title='bbox 1932 3127 2078 3215; x_wconf 85' lang='lat' dir='ltr'>quia</span> <span class='ocrx_word' id='word_1_125' title='bbox 2141 3134 2248 3192; x_wconf 90' lang='lat' dir='ltr'>aut</span> <span class='ocrx_word' id='word_1_126' title='bbox 2287 3130 2423 3211; x_wconf 86' lang='lat' dir='ltr'>jam</span> 
     </span>
     <span class='ocr_line' id='line_1_26' title="bbox 750 3226 2426 3318; baseline -0.002 -20"><span class='ocrx_word' id='word_1_127' title='bbox 750 3271 759 3284; x_wconf 86' lang='lat'><em>·</em></span> <span class='ocrx_word' id='word_1_128' title='bbox 848 3227 1003 3298; x_wconf 88' lang='lat' dir='ltr'>alias</span> <span class='ocrx_word' id='word_1_129' title='bbox 1071 3227 1240 3298; x_wconf 84' lang='lat' dir='ltr'>dicta</span> <span class='ocrx_word' id='word_1_130' title='bbox 1305 3230 1620 3311; x_wconf 88' lang='lat' dir='ltr'>continet,</span> <span class='ocrx_word' id='word_1_131' title='bbox 1708 3240 1814 3298; x_wconf 86' lang='lat' dir='ltr'>aut</span> <span class='ocrx_word' id='word_1_132' title='bbox 1873 3251 2038 3318; x_wconf 77' lang='lat' dir='ltr'>quae</span> <span class='ocrx_word' id='word_1_133' title='bbox 2105 3226 2188 3294; x_wconf 88' lang='lat' dir='ltr'>ad</span> <span class='ocrx_word' id='word_1_134' title='bbox 2246 3250 2426 3317; x_wconf 88' lang='lat' dir='ltr'>prae·</span> 
     </span>
     <span class='ocr_line' id='line_1_27' title="bbox 849 3329 2426 3421; baseline 0.001 -24"><span class='ocrx_word' id='word_1_135' title='bbox 849 3329 995 3398; x_wconf 82' lang='lat' dir='ltr'>sen&#39;s</span> <span class='ocrx_word' id='word_1_136' title='bbox 1072 3343 1499 3418; x_wconf 80' lang='lat' dir='ltr'>argumentum</span> <span class='ocrx_word' id='word_1_137' title='bbox 1578 3352 1713 3398; x_wconf 88' lang='lat' dir='ltr'>non</span> <span class='ocrx_word' id='word_1_138' title='bbox 1784 3351 2166 3421; x_wconf 78' lang='lat' dir='ltr'>magnopere</span> <span class='ocrx_word' id='word_1_139' title='bbox 2238 3330 2426 3420; x_wconf 89' lang='lat' dir='ltr'>perti-</span> 
     </span>
    </p>
   </div>
   <div class='ocr_carea' id='block_1_7' title="bbox 706 3441 1023 3504">
    <p class='ocr_par' dir='ltr' id='par_1_14' title="bbox 706 3441 1023 3504">
     <span class='ocr_line' id='line_1_28' title="bbox 706 3441 1023 3504; baseline 0.013 -4"><span class='ocrx_word' id='word_1_140' title='bbox 706 3483 719 3500; x_wconf 88' lang='lat'>.</span> <span class='ocrx_word' id='word_1_141' title='bbox 760 3463 771 3474; x_wconf 31' lang='grc' dir='ltr'>ι</span> <span class='ocrx_word' id='word_1_142' title='bbox 851 3441 1023 3504; x_wconf 82' lang='lat' dir='ltr'>nent·</span> 
     </span>
    </p>
   </div>
   <div class='ocr_carea' id='block_1_8' title="bbox 772 3601 2430 4136">
    <p class='ocr_par' dir='ltr' id='par_1_15' title="bbox 772 3601 2430 4136">
     <span class='ocr_line' id='line_1_29' title="bbox 1668 3601 2121 3667; baseline -0.004 0"><span class='ocrx_word' id='word_1_143' title='bbox 1668 3601 1719 3667; x_wconf 87' lang='grc' dir='ltr'>Ι.</span> <span class='ocrx_word' id='word_1_144' title='bbox 2113 3643 2121 3653; x_wconf 81' lang='lat'><strong>·</strong></span> 
     </span>
     <span class='ocr_line' id='line_1_30' title="bbox 885 3605 2265 3787; baseline -0.002 -12"><span class='ocrx_word' id='word_1_145' title='bbox 885 3779 891 3787; x_wconf 66' lang='grc'><strong><em>,</em></strong></span> <span class='ocrx_word' id='word_1_146' title='bbox 1010 3703 1113 3776; x_wconf 76' lang='lat' dir='ltr'>Dc</span> <span class='ocrx_word' id='word_1_147' title='bbox 1151 3707 1346 3770; x_wconf 58' lang='lat' dir='ltr'>numu</span> <span class='ocrx_word' id='word_1_148' title='bbox 1387 3605 1652 3769; x_wconf 49' lang='lat' dir='ltr'>modags</span> <span class='ocrx_word' id='word_1_149' title='bbox 1691 3710 1992 3770; x_wconf 59' lang='lat' dir='ltr'>commatis</span> <span class='ocrx_word' id='word_1_150' title='bbox 2032 3710 2265 3772; x_wconf 64' lang='lat' dir='ltr'>nonum</span> 
     </span>
     <span class='ocr_line' id='line_1_31' title="bbox 1264 3807 2010 3890; baseline -0.003 -17"><span class='ocrx_word' id='word_1_151' title='bbox 1264 3807 1700 3873; x_wconf 73' lang='lat' dir='ltr'>Patavinorum</span> <span class='ocrx_word' id='word_1_152' title='bbox 1741 3813 2010 3890; x_wconf 46' lang='lat' dir='ltr'>cogatis,</span> 
     </span>
     <span class='ocr_line' id='line_1_32' title="bbox 772 3911 2426 4044; baseline 0.001 -35"><span class='ocrx_word' id='word_1_153' title='bbox 772 4039 775 4044; x_wconf 89' lang='lat'>.</span> <span class='ocrx_word' id='word_1_154' title='bbox 902 3935 909 3942; x_wconf 74' lang='grc'>’</span> <span class='ocrx_word' id='word_1_155' title='bbox 1029 3911 1257 4025; x_wconf 82' lang='grc' dir='ltr'>Νιιιιιί,1</span> <span class='ocrx_word' id='word_1_156' title='bbox 1318 3951 1483 4031; x_wconf 84' lang='lat' dir='ltr'>q‘uos</span> <span class='ocrx_word' id='word_1_157' title='bbox 1537 3942 1883 4028; x_wconf 82' lang='lat' dir='ltr'>generatim</span> <span class='ocrx_word' id='word_1_158' title='bbox 1925 3940 2262 4012; x_wconf 80' lang='lat' dir='ltr'>Patavinos</span> <span class='ocrx_word' id='word_1_159' title='bbox 2321 3964 2426 4032; x_wconf 85' lang='lat' dir='ltr'>ap·</span> 
     </span>
     <span class='ocr_line' id='line_1_33' title="bbox 853 4042 2430 4136; baseline 0.002 -24"><span class='ocrx_word' id='word_1_160' title='bbox 853 4042 1227 4136; x_wconf 73' lang='lat' dir='ltr'>pellamus,⁴</span> <span class='ocrx_word' id='word_1_161' title='bbox 1268 4068 1352 4113; x_wconf 83' lang='lat' dir='ltr'>ex</span> <span class='ocrx_word' id='word_1_162' title='bbox 1408 4045 1768 4114; x_wconf 77' lang='lat' dir='ltr'>matricibus</span> <span class='ocrx_word' id='word_1_163' title='bbox 1821 4044 2160 4134; x_wconf 82' lang='lat' dir='ltr'>prodivere</span> <span class='ocrx_word' id='word_1_164' title='bbox 2178 4096 2197 4130; x_wconf 90' lang='lat'>,</span> <span class='ocrx_word' id='word_1_165' title='bbox 2274 4069 2430 4136; x_wconf 86' lang='lat' dir='ltr'>quas</span> 
     </span>
    </p>
   </div>
   <div class='ocr_carea' id='block_1_9' title="bbox 1739 479 3140 580">
    <p class='ocr_par' dir='ltr' id='par_1_16' title="bbox 1739 479 3140 580">
     <span class='ocr_line' id='line_1_34' title="bbox 1739 479 3140 580; baseline -0.001 0"><span class='ocrx_word' id='word_1_166' title='bbox 1739 479 2495 580; x_wconf 73' lang='lat' dir='ltr'>PRoLEGoMENA</span> <span class='ocrx_word' id='word_1_167' title='bbox 2559 486 3140 580; x_wconf 76' lang='lat' dir='ltr'>GENERALIA&#39;.</span> 
     </span>
    </p>
   </div>
   <div class='ocr_carea' id='block_1_10' title="bbox 664 607 2403 772">
    <p class='ocr_par' dir='ltr' id='par_1_17' title="bbox 664 607 2403 772">
     <span class='ocr_line' id='line_1_35' title="bbox 664 607 2403 772; baseline 0.006 -42"><span class='ocrx_word' id='word_1_168' title='bbox 664 689 669 696; x_wconf 60' lang='lat'><em>⁴</em></span> <span class='ocrx_word' id='word_1_169' title='bbox 728 675 761 752; x_wconf 63' lang='lat' dir='ltr'><em>j</em></span> <span class='ocrx_word' id='word_1_170' title='bbox 834 663 1224 737; x_wconf 84' lang='lat' dir='ltr'>netam.1n</span> <span class='ocrx_word' id='word_1_171' title='bbox 1266 663 1522 732; x_wconf 86' lang='lat' dir='ltr'>Batavis</span> <span class='ocrx_word' id='word_1_172' title='bbox 1560 666 1940 736; x_wconf 79' lang='lat' dir='ltr'>Carteronus</span> <span class='ocrx_word' id='word_1_173' title='bbox 1984 667 2216 756; x_wconf 89' lang='lat' dir='ltr'>aliique</span> <span class='ocrx_word' id='word_1_174' title='bbox 2259 607 2403 772; x_wconf 62' lang='lat' dir='ltr'>spuss</span> 
     </span>
    </p>
   </div>
   <div class='ocr_carea' id='block_1_11' title="bbox 2470 664 4130 1369">
    <p class='ocr_par' dir='ltr' id='par_1_18' title="bbox 2473 664 4130 961">
     <span class='ocr_line' id='line_1_36' title="bbox 2474 664 4037 755; baseline -0.004 -20"><span class='ocrx_word' id='word_1_175' title='bbox 2474 665 2681 755; x_wconf 87' lang='lat' dir='ltr'>Hujus</span> <span class='ocrx_word' id='word_1_176' title='bbox 2769 677 3027 736; x_wconf 87' lang='lat' dir='ltr'>naturae</span> <span class='ocrx_word' id='word_1_177' title='bbox 3109 668 3283 734; x_wconf 88' lang='lat' dir='ltr'>numi</span> <span class='ocrx_word' id='word_1_178' title='bbox 3351 664 3707 733; x_wconf 85' lang='lat' dir='ltr'>incredibili</span> <span class='ocrx_word' id='word_1_179' title='bbox 3777 682 4037 745; x_wconf 83' lang='lat' dir='ltr'>numero</span> 
     </span>
     <span class='ocr_line' id='line_1_37' title="bbox 2473 764 4130 858; baseline -0.003 -22"><span class='ocrx_word' id='word_1_180' title='bbox 2473 769 3017 854; x_wconf 85' lang='lat' dir='ltr'>circumferuntur,</span> <span class='ocrx_word' id='word_1_181' title='bbox 3108 792 3268 858; x_wconf 91' lang='lat' dir='ltr'>quos</span> <span class='ocrx_word' id='word_1_182' title='bbox 3322 768 3468 837; x_wconf 86' lang='lat' dir='ltr'>sola</span> <span class='ocrx_word' id='word_1_183' title='bbox 3518 789 3621 836; x_wconf 86' lang='lat' dir='ltr'>ars</span> <span class='ocrx_word' id='word_1_184' title='bbox 3672 774 3851 835; x_wconf 82' lang='lat' dir='ltr'>vetus</span> <span class='ocrx_word' id='word_1_185' title='bbox 3905 764 4042 853; x_wconf 90' lang='lat' dir='ltr'>pul·</span> <span class='ocrx_word' id='word_1_186' title='bbox 4121 851 4130 856; x_wconf 26' lang='grc' dir='ltr'>ι</span> 
     </span>
     <span class='ocr_line' id='line_1_38' title="bbox 2474 861 4043 961; baseline -0.004 -22"><span class='ocrx_word' id='word_1_187' title='bbox 2474 871 2825 941; x_wconf 86' lang='lat' dir='ltr'>chritudine</span> <span class='ocrx_word' id='word_1_188' title='bbox 2890 882 2954 941; x_wconf 84' lang='lat' dir='ltr'>et</span> <span class='ocrx_word' id='word_1_189' title='bbox 3001 861 3247 940; x_wconf 81' lang='lat' dir='ltr'>decore</span> <span class='ocrx_word' id='word_1_190' title='bbox 3313 871 3583 961; x_wconf 80' lang='lat' dir='ltr'>superat.</span> <span class='ocrx_word' id='word_1_191' title='bbox 3699 869 4043 954; x_wconf 84' lang='lat' dir='ltr'>Elegantes</span> 
     </span>
    </p>

    <p class='ocr_par' dir='ltr' id='par_1_19' title="bbox 2470 973 4130 1369">
     <span class='ocr_line' id='line_1_39' title="bbox 2470 973 4048 1063; baseline -0.004 -20"><span class='ocrx_word' id='word_1_192' title='bbox 2470 997 2554 1043; x_wconf 85' lang='lat' dir='ltr'>ex</span> <span class='ocrx_word' id='word_1_193' title='bbox 2597 976 2697 1044; x_wconf 88' lang='lat' dir='ltr'>his</span> <span class='ocrx_word' id='word_1_194' title='bbox 2749 977 2945 1043; x_wconf 86' lang='lat' dir='ltr'>series</span> <span class='ocrx_word' id='word_1_195' title='bbox 2989 985 3260 1063; x_wconf 80' lang='lat' dir='ltr'>possunt</span> <span class='ocrx_word' id='word_1_196' title='bbox 3312 974 3630 1061; x_wconf 88' lang='lat' dir='ltr'>componi</span> <span class='ocrx_word' id='word_1_197' title='bbox 3656 973 3726 1039; x_wconf 89' lang='lat' dir='ltr'>in</span> <span class='ocrx_word' id='word_1_198' title='bbox 3771 983 4048 1060; x_wconf 85' lang='lat' dir='ltr'>quacun·</span> 
     </span>
     <span class='ocr_line' id='line_1_40' title="bbox 2472 1073 4130 1168; baseline -0.004 -23"><span class='ocrx_word' id='word_1_199' title='bbox 2472 1099 2594 1168; x_wconf 91' lang='lat' dir='ltr'>que</span> <span class='ocrx_word' id='word_1_200' title='bbox 2664 1077 3122 1166; x_wconf 84' lang='lat' dir='ltr'>magnitudine,</span> <span class='ocrx_word' id='word_1_201' title='bbox 3197 1087 3260 1144; x_wconf 84' lang='lat' dir='ltr'>et</span> <span class='ocrx_word' id='word_1_202' title='bbox 3335 1073 3684 1157; x_wconf 85' lang='lat' dir='ltr'>metallo,</span> <span class='ocrx_word' id='word_1_203' title='bbox 3715 1095 4049 1142; x_wconf 80' lang='lat' dir='ltr'>numerum</span> <span class='ocrx_word' id='word_1_204' title='bbox 4120 1147 4130 1158; x_wconf 44' lang='grc'><em>,</em></span> 
     </span>
     <span class='ocr_line' id='line_1_41' title="bbox 2471 1175 4050 1263; baseline -0.004 -15"><span class='ocrx_word' id='word_1_205' title='bbox 2471 1181 2604 1248; x_wconf 85' lang='lat' dir='ltr'>sive</span> <span class='ocrx_word' id='word_1_206' title='bbox 2648 1183 3068 1263; x_wconf 86' lang='lat' dir='ltr'>Graecorum,</span> <span class='ocrx_word' id='word_1_207' title='bbox 3123 1181 3257 1247; x_wconf 85' lang='lat' dir='ltr'>sive</span> <span class='ocrx_word' id='word_1_208' title='bbox 3312 1179 3766 1246; x_wconf 83' lang='lat' dir='ltr'>Romanorum.</span> <span class='ocrx_word' id='word_1_209' title='bbox 3852 1175 4050 1243; x_wconf 85' lang='lat' dir='ltr'>Numi</span> 
     </span>
     <span class='ocr_line' id='line_1_42' title="bbox 2475 1277 4051 1369; baseline -0.004 -18"><span class='ocrx_word' id='word_1_210' title='bbox 2475 1277 2656 1351; x_wconf 82' lang='lat' dir='ltr'>aenei</span> <span class='ocrx_word' id='word_1_211' title='bbox 2719 1285 3025 1350; x_wconf 87' lang='lat' dir='ltr'>maximae</span> <span class='ocrx_word' id='word_1_212' title='bbox 3086 1282 3367 1350; x_wconf 83' lang='lat' dir='ltr'>formae</span> <span class='ocrx_word' id='word_1_213' title='bbox 3392 1305 3531 1348; x_wconf 90' lang='lat' dir='ltr'>cum</span> <span class='ocrx_word' id='word_1_214' title='bbox 3585 1282 3790 1369; x_wconf 87' lang='lat' dir='ltr'>eapite</span> <span class='ocrx_word' id='word_1_215' title='bbox 3855 1279 4051 1365; x_wconf 81' lang='lat' dir='ltr'>impe·</span> 
     </span>
    </p>
   </div>
   <div class='ocr_carea' id='block_1_12' title="bbox 2473 1379 4184 1482">
    <p class='ocr_par' dir='ltr' id='par_1_20' title="bbox 2473 1379 4184 1482">
     <span class='ocr_line' id='line_1_43' title="bbox 2473 1379 4184 1482; baseline -0.003 -28"><span class='ocrx_word' id='word_1_216' title='bbox 2473 1396 2798 1469; x_wconf 89' lang='lat' dir='ltr'>ratorum,</span> <span class='ocrx_word' id='word_1_217' title='bbox 2818 1384 3128 1474; x_wconf 90' lang='lat' dir='ltr'>siquidem</span> <span class='ocrx_word' id='word_1_218' title='bbox 3170 1386 3313 1453; x_wconf 85' lang='lat' dir='ltr'>falsi</span> <span class='ocrx_word' id='word_1_219' title='bbox 3356 1394 3523 1482; x_wconf 83' lang='lat' dir='ltr'>sunt,</span> <span class='ocrx_word' id='word_1_220' title='bbox 3568 1393 3675 1451; x_wconf 89' lang='lat' dir='ltr'>aut</span> <span class='ocrx_word' id='word_1_221' title='bbox 3716 1381 3799 1455; x_wconf 86' lang='lat' dir='ltr'>ad</span> <span class='ocrx_word' id='word_1_222' title='bbox 3843 1403 4053 1448; x_wconf 85' lang='lat' dir='ltr'>exem·</span> <span class='ocrx_word' id='word_1_223' title='bbox 4095 1463 4100 1468; x_wconf 19' lang='lat'><strong><em>³</em></strong></span> <span class='ocrx_word' id='word_1_224' title='bbox 4143 1379 4184 1397; x_wconf 84' lang='lat'>‘&#39;</span> 
     </span>
    </p>
   </div>
   <div class='ocr_carea' id='block_1_13' title="bbox 2474 1479 4162 3429">
    <p class='ocr_par' dir='ltr' id='par_1_21' title="bbox 2474 1479 4162 2890">
     <span class='ocr_line' id='line_1_44' title="bbox 2474 1479 4130 1578; baseline -0.003 -23"><span class='ocrx_word' id='word_1_225' title='bbox 2474 1490 2616 1578; x_wconf 86' lang='lat' dir='ltr'>plar</span> <span class='ocrx_word' id='word_1_226' title='bbox 2686 1510 3015 1557; x_wconf 89' lang='lat' dir='ltr'>numorum</span> <span class='ocrx_word' id='word_1_227' title='bbox 3082 1509 3229 1555; x_wconf 85' lang='lat' dir='ltr'>vere</span> <span class='ocrx_word' id='word_1_228' title='bbox 3292 1499 3570 1555; x_wconf 82' lang='lat' dir='ltr'>veterum</span> <span class='ocrx_word' id='word_1_229' title='bbox 3645 1495 3792 1552; x_wconf 81' lang='lat' dir='ltr'>sunt</span> <span class='ocrx_word' id='word_1_230' title='bbox 3862 1483 4054 1551; x_wconf 81' lang='lat' dir='ltr'>fabri·</span> <span class='ocrx_word' id='word_1_231' title='bbox 4125 1479 4130 1483; x_wconf 67' lang='grc'><strong><em>’</em></strong></span> 
     </span>
     <span class='ocr_line' id='line_1_45' title="bbox 2478 1588 4057 1677; baseline -0.001 -19"><span class='ocrx_word' id='word_1_232' title='bbox 2478 1592 2632 1675; x_wconf 79' lang='lat' dir='ltr'>cati,</span> <span class='ocrx_word' id='word_1_233' title='bbox 2690 1602 2797 1658; x_wconf 89' lang='lat' dir='ltr'>aut</span> <span class='ocrx_word' id='word_1_234' title='bbox 2849 1613 2933 1658; x_wconf 86' lang='lat' dir='ltr'>ex</span> <span class='ocrx_word' id='word_1_235' title='bbox 2990 1591 3261 1677; x_wconf 83' lang='lat' dir='ltr'>cognitis</span> <span class='ocrx_word' id='word_1_236' title='bbox 3315 1590 3497 1657; x_wconf 85' lang='lat' dir='ltr'>factis</span> <span class='ocrx_word' id='word_1_237' title='bbox 3525 1588 3857 1654; x_wconf 68' lang='lat' dir='ltr'>historicis</span> <span class='ocrx_word' id='word_1_238' title='bbox 3900 1609 4057 1656; x_wconf 81' lang='lat' dir='ltr'>con·</span> 
     </span>
     <span class='ocr_line' id='line_1_46' title="bbox 2478 1679 4134 1782; baseline -0.003 -21"><span class='ocrx_word' id='word_1_239' title='bbox 2478 1693 2625 1762; x_wconf 86' lang='lat' dir='ltr'>ficti.</span> <span class='ocrx_word' id='word_1_240' title='bbox 2682 1679 3221 1782; x_wconf 83' lang='lat' dir='ltr'>Frequentissime</span> <span class='ocrx_word' id='word_1_241' title='bbox 3251 1714 3393 1762; x_wconf 85' lang='lat' dir='ltr'>sese</span> <span class='ocrx_word' id='word_1_242' title='bbox 3422 1714 3523 1757; x_wconf 90' lang='lat' dir='ltr'>ars</span> <span class='ocrx_word' id='word_1_243' title='bbox 3551 1712 3772 1758; x_wconf 87' lang='lat' dir='ltr'>recens</span> <span class='ocrx_word' id='word_1_244' title='bbox 3803 1690 3871 1756; x_wconf 87' lang='lat' dir='ltr'>iu</span> <span class='ocrx_word' id='word_1_245' title='bbox 3899 1689 4056 1757; x_wconf 86' lang='lat' dir='ltr'>XII.</span> <span class='ocrx_word' id='word_1_246' title='bbox 4127 1759 4134 1770; x_wconf 68' lang='lat'>,</span> 
     </span>
     <span class='ocr_line' id='line_1_47' title="bbox 2479 1791 4063 1887; baseline -0.004 -23"><span class='ocrx_word' id='word_1_247' title='bbox 2479 1798 2695 1887; x_wconf 88' lang='lat' dir='ltr'>primis</span> <span class='ocrx_word' id='word_1_248' title='bbox 2757 1796 3243 1885; x_wconf 76' lang='lat' dir='ltr'>imperatoribus</span> <span class='ocrx_word' id='word_1_249' title='bbox 3309 1791 3632 1875; x_wconf 74' lang='lat' dir='ltr'>exercuit,</span> <span class='ocrx_word' id='word_1_250' title='bbox 3719 1792 4063 1886; x_wconf 82' lang='lat' dir='ltr'>praecipue</span> 
     </span>
     <span class='ocr_line' id='line_1_48' title="bbox 2481 1895 4061 1988; baseline -0.003 -23"><span class='ocrx_word' id='word_1_251' title='bbox 2481 1920 2747 1988; x_wconf 84' lang='lat' dir='ltr'>quorum</span> <span class='ocrx_word' id='word_1_252' title='bbox 2797 1900 3020 1986; x_wconf 63' lang='lat' dir='ltr'>»capita</span> <span class='ocrx_word' id='word_1_253' title='bbox 3093 1908 3258 1965; x_wconf 91' lang='lat' dir='ltr'>sunt·</span> <span class='ocrx_word' id='word_1_254' title='bbox 3310 1896 3585 1978; x_wconf 86' lang='lat' dir='ltr'>rariora,</span> <span class='ocrx_word' id='word_1_255' title='bbox 3661 1906 3730 1962; x_wconf 91' lang='lat' dir='ltr'>ut</span> <span class='ocrx_word' id='word_1_256' title='bbox 3789 1895 4061 1976; x_wconf 79' lang='lat' dir='ltr'>Tiberii,</span> 
     </span>
     <span class='ocr_line' id='line_1_49' title="bbox 2487 1996 4060 2088; baseline -0.005 -17"><span class='ocrx_word' id='word_1_257' title='bbox 2487 2002 2798 2083; x_wconf 86' lang='lat' dir='ltr'>Othonis,</span> <span class='ocrx_word' id='word_1_258' title='bbox 2852 2005 3030 2088; x_wconf 87' lang='lat' dir='ltr'>cujus</span> <span class='ocrx_word' id='word_1_259' title='bbox 3087 2001 3263 2068; x_wconf 87' lang='lat' dir='ltr'>aenei</span> <span class='ocrx_word' id='word_1_260' title='bbox 3314 1998 3581 2087; x_wconf 87' lang='lat' dir='ltr'>triplicis</span> <span class='ocrx_word' id='word_1_261' title='bbox 3641 1996 3881 2064; x_wconf 80' lang='lat' dir='ltr'>formae</span> <span class='ocrx_word' id='word_1_262' title='bbox 3933 1997 4060 2064; x_wconf 87' lang='lat' dir='ltr'>La-</span> 
     </span>
     <span class='ocr_line' id='line_1_50' title="bbox 2483 2100 4064 2188; baseline -0.006 -15"><span class='ocrx_word' id='word_1_263' title='bbox 2483 2105 2601 2173; x_wconf 88' lang='lat' dir='ltr'>tini</span> <span class='ocrx_word' id='word_1_264' title='bbox 2642 2127 2776 2173; x_wconf 89' lang='lat' dir='ltr'>non</span> <span class='ocrx_word' id='word_1_265' title='bbox 2819 2113 3087 2185; x_wconf 83' lang='lat' dir='ltr'>exstant,</span> <span class='ocrx_word' id='word_1_266' title='bbox 3134 2104 3257 2169; x_wconf 86' lang='lat' dir='ltr'>nisi</span> <span class='ocrx_word' id='word_1_267' title='bbox 3288 2101 3692 2183; x_wconf 87' lang='lat' dir='ltr'>Antiocheni‚</span> <span class='ocrx_word' id='word_1_268' title='bbox 3739 2110 3803 2168; x_wconf 85' lang='lat' dir='ltr'>et</span> <span class='ocrx_word' id='word_1_269' title='bbox 3843 2100 4064 2188; x_wconf 79' lang='lat' dir='ltr'>Aegy·</span> 
     </span>
     <span class='ocr_line' id='line_1_51' title="bbox 2484 2202 4067 2298; baseline -0.004 -22"><span class='ocrx_word' id='word_1_270' title='bbox 2484 2209 2633 2298; x_wconf 88' lang='lat' dir='ltr'>ptii‚</span> <span class='ocrx_word' id='word_1_271' title='bbox 2703 2207 2934 2275; x_wconf 86' lang='lat' dir='ltr'>deinde</span> <span class='ocrx_word' id='word_1_272' title='bbox 2998 2204 3279 2286; x_wconf 88' lang='lat' dir='ltr'>Vitellii,</span> <span class='ocrx_word' id='word_1_273' title='bbox 3347 2204 3722 2286; x_wconf 83' lang='lat' dir='ltr'>Pertinacis,</span> <span class='ocrx_word' id='word_1_274' title='bbox 3792 2202 4067 2282; x_wconf 87' lang='lat' dir='ltr'>duorum</span> 
     </span>
     <span class='ocr_line' id='line_1_52' title="bbox 2489 2301 4066 2393; baseline -0.003 -15"><span class='ocrx_word' id='word_1_275' title='bbox 2489 2310 2958 2379; x_wconf 85' lang='lat' dir='ltr'>Gordianorum</span> <span class='ocrx_word' id='word_1_276' title='bbox 3070 2307 3512 2374; x_wconf 70' lang='lat' dir='ltr'>Africanorum</span> <span class='ocrx_word' id='word_1_277' title='bbox 3536 2356 3554 2390; x_wconf 90' lang='lat'>,</span> <span class='ocrx_word' id='word_1_278' title='bbox 3669 2301 4066 2393; x_wconf 80' lang='lat' dir='ltr'>Agrippinae</span> 
     </span>
     <span class='ocr_line' id='line_1_53' title="bbox 2489 2409 4068 2546; baseline -0.003 -67"><span class='ocrx_word' id='word_1_279' title='bbox 2489 2412 2748 2482; x_wconf 88' lang='lat' dir='ltr'>Claudii</span> <span class='ocrx_word' id='word_1_280' title='bbox 2773 2462 2792 2494; x_wconf 92' lang='lat'>,</span> <span class='ocrx_word' id='word_1_281' title='bbox 2881 2411 3242 2492; x_wconf 83' lang='lat' dir='ltr'>Domitiae,</span> <span class='ocrx_word' id='word_1_282' title='bbox 3334 2432 3496 2499; x_wconf 86' lang='lat' dir='ltr'>quae</span> <span class='ocrx_word' id='word_1_283' title='bbox 3567 2409 3678 2476; x_wconf 84' lang='lat' dir='ltr'>vix</span> <span class='ocrx_word' id='word_1_284' title='bbox 3747 2409 4068 2546; x_wconf 78' lang='lat' dir='ltr'>reperitur</span> 
     </span>
     <span class='ocr_line' id='line_1_54' title="bbox 2487 2509 4069 2599; baseline -0.003 -16"><span class='ocrx_word' id='word_1_285' title='bbox 2487 2516 2811 2583; x_wconf 77' lang='lat' dir='ltr'>commatis</span> <span class='ocrx_word' id='word_1_286' title='bbox 2875 2534 3022 2583; x_wconf 80' lang='lat' dir='ltr'>vere</span> <span class='ocrx_word' id='word_1_287' title='bbox 3093 2513 3332 2599; x_wconf 86' lang='lat' dir='ltr'>antiqm</span> <span class='ocrx_word' id='word_1_288' title='bbox 3357 2562 3376 2594; x_wconf 92' lang='lat'>,</span> <span class='ocrx_word' id='word_1_289' title='bbox 3465 2509 3754 2578; x_wconf 87' lang='lat' dir='ltr'>Plotinae</span> <span class='ocrx_word' id='word_1_290' title='bbox 3774 2560 3793 2592; x_wconf 92' lang='lat'>,</span> <span class='ocrx_word' id='word_1_291' title='bbox 3837 2509 4069 2578; x_wconf 70' lang='grc' dir='ltr'>ΙΜειι·-</span> 
     </span>
     <span class='ocr_line' id='line_1_55' title="bbox 2487 2604 4162 2704; baseline -0.003 -20"><span class='ocrx_word' id='word_1_292' title='bbox 2487 2604 2749 2699; x_wconf 80' lang='lat' dir='ltr'>cianae,</span> <span class='ocrx_word' id='word_1_293' title='bbox 2815 2615 3126 2684; x_wconf 87' lang='lat' dir='ltr'>Matidiae</span> <span class='ocrx_word' id='word_1_294' title='bbox 3148 2665 3167 2698; x_wconf 91' lang='lat'>,</span> <span class='ocrx_word' id='word_1_295' title='bbox 3244 2615 3516 2704; x_wconf 88' lang='lat' dir='ltr'>denique</span> <span class='ocrx_word' id='word_1_296' title='bbox 3578 2614 3823 2680; x_wconf 86' lang='lat' dir='ltr'>Anniae</span> <span class='ocrx_word' id='word_1_297' title='bbox 3893 2612 4066 2680; x_wconf 72' lang='lat' dir='ltr'>Fau-</span> <span class='ocrx_word' id='word_1_298' title='bbox 4155 2657 4162 2660; x_wconf 88' lang='lat'><em>-</em></span> 
     </span>
     <span class='ocr_line' id='line_1_56' title="bbox 2488 2715 4068 2863; baseline -0.003 -76"><span class='ocrx_word' id='word_1_299' title='bbox 2488 2719 2700 2787; x_wconf 73' lang='lat' dir='ltr'>atinae.</span> <span class='ocrx_word' id='word_1_300' title='bbox 2777 2718 3143 2863; x_wconf 85' lang='lat' dir='ltr'>Elagabali,</span> <span class='ocrx_word' id='word_1_301' title='bbox 3234 2727 3299 2785; x_wconf 81' lang='lat' dir='ltr'>et</span> <span class='ocrx_word' id='word_1_302' title='bbox 3360 2715 3830 2807; x_wconf 62' lang='lat' dir='ltr'>&#39;I&#39;ranquillinae</span> <span class='ocrx_word' id='word_1_303' title='bbox 3894 2717 4068 2783; x_wconf 87' lang='lat' dir='ltr'>Gor·</span> 
     </span>
     <span class='ocr_line' id='line_1_57' title="bbox 2487 2821 2675 2890; baseline 0.006 -1"><span class='ocrx_word' id='word_1_304' title='bbox 2487 2821 2675 2890; x_wconf 84' lang='lat' dir='ltr'>diani.</span> 
     </span>
    </p>

    <p class='ocr_par' dir='ltr' id='par_1_22' title="bbox 2488 2921 4079 3429">
     <span class='ocr_line' id='line_1_58' title="bbox 2666 2921 4072 3004; baseline -0.001 -15"><span class='ocrx_word' id='word_1_305' title='bbox 2666 2924 2912 3004; x_wconf 84' lang='lat' dir='ltr'>Quibus</span> <span class='ocrx_word' id='word_1_306' title='bbox 2951 2921 3058 2989; x_wconf 88' lang='lat' dir='ltr'>ad</span> <span class='ocrx_word' id='word_1_307' title='bbox 3119 2923 3428 2990; x_wconf 86' lang='lat' dir='ltr'>lectiores</span> <span class='ocrx_word' id='word_1_308' title='bbox 3477 2924 3703 2990; x_wconf 83' lang='lat' dir='ltr'>veteris</span> <span class='ocrx_word' id='word_1_309' title='bbox 3767 2927 4072 2989; x_wconf 78' lang='lat' dir='ltr'>monetae</span> 
     </span>
     <span class='ocr_line' id='line_1_59' title="bbox 2488 3023 4073 3115; baseline -0.003 -20"><span class='ocrx_word' id='word_1_310' title='bbox 2488 3027 2818 3095; x_wconf 83' lang='lat' dir='ltr'>thesauros</span> <span class='ocrx_word' id='word_1_311' title='bbox 2882 3024 3087 3093; x_wconf 87' lang='lat' dir='ltr'>aditus</span> <span class='ocrx_word' id='word_1_312' title='bbox 3127 3028 3380 3115; x_wconf 85' lang='lat' dir='ltr'>patuit,</span> <span class='ocrx_word' id='word_1_313' title='bbox 3457 3026 3657 3093; x_wconf 88' lang='lat' dir='ltr'>minus</span> <span class='ocrx_word' id='word_1_314' title='bbox 3693 3025 3837 3114; x_wconf 31' lang='lat' dir='ltr'>,erit</span> <span class='ocrx_word' id='word_1_315' title='bbox 3901 3023 4073 3091; x_wconf 85' lang='lat' dir='ltr'>diffi-</span> 
     </span>
     <span class='ocr_line' id='line_1_60' title="bbox 2492 3118 4079 3217; baseline -0.001 -21"><span class='ocrx_word' id='word_1_316' title='bbox 2492 3128 2620 3197; x_wconf 88' lang='lat' dir='ltr'>cile</span> <span class='ocrx_word' id='word_1_317' title='bbox 2667 3128 2791 3195; x_wconf 87' lang='lat' dir='ltr'>hos</span> <span class='ocrx_word' id='word_1_318' title='bbox 2842 3130 3078 3196; x_wconf 84' lang='lat' dir='ltr'>evitare</span> <span class='ocrx_word' id='word_1_319' title='bbox 3132 3128 3417 3217; x_wconf 89' lang='lat' dir='ltr'>laqueos.</span> <span class='ocrx_word' id='word_1_320' title='bbox 3507 3118 3594 3194; x_wconf 77' lang='lat' dir='ltr'>At</span> <span class='ocrx_word' id='word_1_321' title='bbox 3648 3127 3814 3196; x_wconf 82' lang='lat' dir='ltr'>enim</span> <span class='ocrx_word' id='word_1_322' title='bbox 3861 3131 4079 3212; x_wconf 85' lang='lat' dir='ltr'>major</span> 
     </span>
     <span class='ocr_line' id='line_1_61' title="bbox 2493 3228 4078 3318; baseline -0.003 -19"><span class='ocrx_word' id='word_1_323' title='bbox 2493 3245 2713 3299; x_wconf 84' lang='lat' dir='ltr'>‘eorum</span> <span class='ocrx_word' id='word_1_324' title='bbox 2741 3266 2752 3278; x_wconf 81' lang='lat'><strong>·</strong></span> <span class='ocrx_word' id='word_1_325' title='bbox 2777 3249 2924 3318; x_wconf 83' lang='lat' dir='ltr'>pars</span> <span class='ocrx_word' id='word_1_326' title='bbox 2989 3232 3057 3297; x_wconf 89' lang='lat' dir='ltr'>in</span> <span class='ocrx_word' id='word_1_327' title='bbox 3123 3232 3382 3298; x_wconf 80' lang='lat' dir='ltr'>remotis</span> <span class='ocrx_word' id='word_1_328' title='bbox 3459 3230 3631 3317; x_wconf 83' lang='lat' dir='ltr'>degit</span> <span class='ocrx_word' id='word_1_329' title='bbox 3695 3228 4078 3318; x_wconf 83' lang='lat' dir='ltr'>provinciis,</span> 
     </span>
     <span class='ocr_line' id='line_1_62' title="bbox 2492 3332 4078 3429; baseline -0.002 -26"><span class='ocrx_word' id='word_1_330' title='bbox 2492 3345 2558 3403; x_wconf 89' lang='lat' dir='ltr'>et</span> <span class='ocrx_word' id='word_1_331' title='bbox 2621 3335 2732 3400; x_wconf 83' lang='lat' dir='ltr'>vix</span> <span class='ocrx_word' id='word_1_332' title='bbox 2788 3333 3065 3429; x_wconf 85' lang='lat' dir='ltr'>Parisios</span> <span class='ocrx_word' id='word_1_333' title='bbox 3133 3342 3472 3414; x_wconf 83' lang='lat' dir='ltr'>commeat,</span> <span class='ocrx_word' id='word_1_334' title='bbox 3561 3342 3628 3424; x_wconf 76' lang='lat' dir='ltr'>ut</span> <span class='ocrx_word' id='word_1_335' title='bbox 3687 3332 4078 3426; x_wconf 85' lang='lat' dir='ltr'>reliquarum</span> 
     </span>
    </p>
   </div>
   <div class='ocr_carea' id='block_1_14' title="bbox 2494 3435 4206 3518">
    <p class='ocr_par' dir='ltr' id='par_1_23' title="bbox 2494 3435 4206 3518">
     <span class='ocr_line' id='line_1_63' title="bbox 2494 3435 4206 3518; baseline -0.002 -13"><span class='ocrx_word' id='word_1_336' title='bbox 2494 3437 2719 3505; x_wconf 86' lang='lat' dir='ltr'>artium</span> <span class='ocrx_word' id='word_1_337' title='bbox 2787 3436 3093 3518; x_wconf 89' lang='lat' dir='ltr'>omnium,</span> <span class='ocrx_word' id='word_1_338' title='bbox 3156 3436 3251 3504; x_wconf 87' lang='lat' dir='ltr'>sie</span> <span class='ocrx_word' id='word_1_339' title='bbox 3313 3444 3378 3502; x_wconf 88' lang='lat' dir='ltr'>et</span> <span class='ocrx_word' id='word_1_340' title='bbox 3440 3435 3903 3503; x_wconf 72' lang='lat' dir='ltr'>numismatieae</span> <span class='ocrx_word' id='word_1_341' title='bbox 3967 3456 4078 3502; x_wconf 85' lang='lat' dir='ltr'>se-</span> <span class='ocrx_word' id='word_1_342' title='bbox 4193 3447 4206 3452; x_wconf 85' lang='grc'><em>“</em></span> 
     </span>
    </p>
   </div>
   <div class='ocr_carea' id='block_1_15' title="bbox 2495 3531 4080 3626">
    <p class='ocr_par' dir='ltr' id='par_1_24' title="bbox 2495 3531 4080 3626">
     <span class='ocr_line' id='line_1_64' title="bbox 2495 3531 4080 3626; baseline -0.001 -21"><span class='ocrx_word' id='word_1_343' title='bbox 2495 3531 2667 3621; x_wconf 88' lang='lat' dir='ltr'>dem,</span> <span class='ocrx_word' id='word_1_344' title='bbox 2744 3551 2951 3626; x_wconf 86' lang='lat' dir='ltr'>neque</span> <span class='ocrx_word' id='word_1_345' title='bbox 3007 3536 3170 3605; x_wconf 91' lang='lat' dir='ltr'>adeo</span> <span class='ocrx_word' id='word_1_346' title='bbox 3233 3559 3271 3604; x_wconf 89' lang='lat' dir='ltr'>a</span> <span class='ocrx_word' id='word_1_347' title='bbox 3325 3539 3604 3604; x_wconf 80' lang='lat' dir='ltr'>virorum</span> <span class='ocrx_word' id='word_1_348' title='bbox 3655 3537 3723 3602; x_wconf 90' lang='lat' dir='ltr'>in</span> <span class='ocrx_word' id='word_1_349' title='bbox 3780 3536 3881 3604; x_wconf 88' lang='lat' dir='ltr'>his</span> <span class='ocrx_word' id='word_1_350' title='bbox 3935 3546 4080 3603; x_wconf 75' lang='lat' dir='ltr'>stu-</span> 
     </span>
    </p>
   </div>
   <div class='ocr_carea' id='block_1_16' title="bbox 2369 3627 4080 3728">
    <p class='ocr_par' dir='ltr' id='par_1_25' title="bbox 2369 3627 4080 3728">
     <span class='ocr_line' id='line_1_65' title="bbox 2369 3627 4080 3728; baseline -0.002 -20"><span class='ocrx_word' id='word_1_351' title='bbox 2369 3649 2376 3656; x_wconf 89' lang='lat'>&#39;</span> <span class='ocrx_word' id='word_1_352' title='bbox 2495 3640 2620 3708; x_wconf 87' lang='lat' dir='ltr'>diis</span> <span class='ocrx_word' id='word_1_353' title='bbox 2672 3640 3007 3708; x_wconf 76' lang='lat' dir='ltr'>illustrium</span> <span class='ocrx_word' id='word_1_354' title='bbox 3051 3627 3528 3708; x_wconf 62' lang='lat' dir='ltr'>‘consuetudine</span> <span class='ocrx_word' id='word_1_355' title='bbox 3592 3640 3860 3728; x_wconf 85' lang='lat' dir='ltr'>aliquam</span> <span class='ocrx_word' id='word_1_356' title='bbox 3919 3647 4080 3726; x_wconf 86' lang='lat' dir='ltr'>pot-</span> 
     </span>
    </p>
   </div>
   <div class='ocr_carea' id='block_1_17' title="bbox 2494 3741 4094 4140">
    <p class='ocr_par' dir='ltr' id='par_1_26' title="bbox 2494 3741 4094 4140">
     <span class='ocr_line' id='line_1_66' title="bbox 2494 3741 4078 3832; baseline -0.003 -21"><span class='ocrx_word' id='word_1_357' title='bbox 2494 3752 2594 3830; x_wconf 68' lang='lat' dir='ltr'>est</span> <span class='ocrx_word' id='word_1_358' title='bbox 2642 3743 2965 3832; x_wconf 85' lang='lat' dir='ltr'>perciper‘e</span> <span class='ocrx_word' id='word_1_359' title='bbox 3018 3742 3365 3810; x_wconf 85' lang='lat' dir='ltr'>utilitatem.</span> <span class='ocrx_word' id='word_1_360' title='bbox 3452 3741 3608 3809; x_wconf 92' lang='lat' dir='ltr'>Vidi</span> <span class='ocrx_word' id='word_1_361' title='bbox 3657 3743 3797 3830; x_wconf 90' lang='lat' dir='ltr'>ipse</span> <span class='ocrx_word' id='word_1_362' title='bbox 3839 3742 4078 3807; x_wconf 85' lang='lat' dir='ltr'>horum</span> 
     </span>
     <span class='ocr_line' id='line_1_67' title="bbox 2494 3845 4094 3937; baseline -0.004 -24"><span class='ocrx_word' id='word_1_363' title='bbox 2494 3866 2627 3913; x_wconf 87' lang='lat' dir='ltr'>non</span> <span class='ocrx_word' id='word_1_364' title='bbox 2680 3867 2954 3937; x_wconf 87' lang='lat' dir='ltr'>paucos,</span> <span class='ocrx_word' id='word_1_365' title='bbox 3041 3846 3178 3931; x_wconf 86' lang='lat' dir='ltr'>qui,</span> <span class='ocrx_word' id='word_1_366' title='bbox 3267 3846 3385 3911; x_wconf 87' lang='lat' dir='ltr'>etsi</span> <span class='ocrx_word' id='word_1_367' title='bbox 3440 3846 3627 3912; x_wconf 80' lang='lat' dir='ltr'>vit‘am</span> <span class='ocrx_word' id='word_1_368' title='bbox 3684 3859 3928 3926; x_wconf 81' lang='lat' dir='ltr'>omnem</span> <span class='ocrx_word' id='word_1_369' title='bbox 3959 3845 4094 3910; x_wconf 82' lang='lat' dir='ltr'>·in-</span> 
     </span>
     <span class='ocr_line' id='line_1_68' title="bbox 2497 3945 4082 4038; baseline -0.002 -24"><span class='ocrx_word' id='word_1_370' title='bbox 2497 3946 2874 4035; x_wconf 85' lang='lat' dir='ltr'>colligendis</span> <span class='ocrx_word' id='word_1_371' title='bbox 2917 3947 3124 4013; x_wconf 89' lang='lat' dir='ltr'>numis</span> <span class='ocrx_word' id='word_1_372' title='bbox 3165 3945 3735 4038; x_wconf 84' lang='lat' dir='ltr'>consumpsissent,</span> <span class='ocrx_word' id='word_1_373' title='bbox 3791 3968 3921 4014; x_wconf 89' lang='lat' dir='ltr'>non</span> <span class='ocrx_word' id='word_1_374' title='bbox 3974 3955 4082 4012; x_wconf 85' lang='lat' dir='ltr'>ta·-</span> 
     </span>
     <span class='ocr_line' id='line_1_69' title="bbox 2496 4051 4084 4140; baseline -0.001 -22"><span class='ocrx_word' id='word_1_375' title='bbox 2496 4074 2641 4118; x_wconf 89' lang='lat' dir='ltr'>men</span> <span class='ocrx_word' id='word_1_376' title='bbox 2698 4053 2821 4120; x_wconf 88' lang='lat' dir='ltr'>sibi</span> <span class='ocrx_word' id='word_1_377' title='bbox 2875 4060 3112 4120; x_wconf 88' lang='lat' dir='ltr'>certum</span> <span class='ocrx_word' id='word_1_378' title='bbox 3142 4051 3478 4137; x_wconf 87' lang='lat' dir='ltr'>judicium,</span> <span class='ocrx_word' id='word_1_379' title='bbox 3538 4051 3645 4140; x_wconf 89' lang='lat' dir='ltr'>qui</span> <span class='ocrx_word' id='word_1_380' title='bbox 3695 4052 3865 4116; x_wconf 89' lang='lat' dir='ltr'>numi</span> <span class='ocrx_word' id='word_1_381' title='bbox 3915 4070 4084 4116; x_wconf 80' lang='lat' dir='ltr'>vere</span> 
     </span>
    </p>
   </div>
   <div class='ocr_carea' id='block_1_18' title="bbox 858 4143 4082 4244">
    <p class='ocr_par' dir='ltr' id='par_1_27' title="bbox 858 4143 4082 4244">
     <span class='ocr_line' id='line_1_70' title="bbox 858 4143 4082 4244; baseline 0.002 -34"><span class='ocrx_word' id='word_1_382' title='bbox 858 4143 1000 4212; x_wconf 86' lang='lat' dir='ltr'>sciti</span> <span class='ocrx_word' id='word_1_383' title='bbox 1087 4146 1351 4215; x_wconf 79' lang='lat' dir='ltr'>artifices</span> <span class='ocrx_word' id='word_1_384' title='bbox 1441 4149 1747 4216; x_wconf 84' lang='lat' dir='ltr'>variarum</span> <span class='ocrx_word' id='word_1_385' title='bbox 1826 4151 2150 4219; x_wconf 87' lang='lat' dir='ltr'>nationum</span> <span class='ocrx_word' id='word_1_386' title='bbox 2220 4160 2433 4236; x_wconf 80' lang='lat' dir='ltr'>vetere</span> <span class='ocrx_word' id='word_1_387' title='bbox 2496 4165 2741 4224; x_wconf 83' lang='lat' dir='ltr'>veteres</span> <span class='ocrx_word' id='word_1_388' title='bbox 2806 4156 2961 4236; x_wconf 87' lang='lat' dir='ltr'>sint,</span> <span class='ocrx_word' id='word_1_389' title='bbox 3001 4155 3139 4242; x_wconf 87' lang='lat' dir='ltr'>qui</span> <span class='ocrx_word' id='word_1_390' title='bbox 3181 4156 3388 4244; x_wconf 90' lang='lat' dir='ltr'>spurii</span> <span class='ocrx_word' id='word_1_391' title='bbox 3403 4201 3424 4236; x_wconf 87' lang='lat'>‚</span> <span class='ocrx_word' id='word_1_392' title='bbox 3491 4164 3831 4243; x_wconf 87' lang='lat' dir='ltr'>potuerunt</span> <span class='ocrx_word' id='word_1_393' title='bbox 3894 4172 4082 4217; x_wconf 60' lang='lat' dir='ltr'>coma</span> 
     </span>
    </p>
   </div>
   <div class='ocr_carea' id='block_1_19' title="bbox 860 4246 2432 4436">
    <p class='ocr_par' dir='ltr' id='par_1_28' title="bbox 860 4246 2432 4436">
     <span class='ocr_line' id='line_1_71' title="bbox 864 4246 2431 4342; baseline 0.005 -30"><span class='ocrx_word' id='word_1_394' title='bbox 864 4246 1139 4335; x_wconf 88' lang='lat' dir='ltr'>quodam</span> <span class='ocrx_word' id='word_1_395' title='bbox 1210 4250 1555 4338; x_wconf 87' lang='lat' dir='ltr'>exemplari</span> <span class='ocrx_word' id='word_1_396' title='bbox 1602 4250 1703 4318; x_wconf 91' lang='lat' dir='ltr'>ad</span> <span class='ocrx_word' id='word_1_397' title='bbox 1765 4250 2131 4320; x_wconf 88' lang='lat' dir='ltr'>imitandum</span> <span class='ocrx_word' id='word_1_398' title='bbox 2195 4275 2431 4342; x_wconf 86' lang='lat' dir='ltr'>propo·</span> 
     </span>
     <span class='ocr_line' id='line_1_72' title="bbox 860 4348 2432 4436; baseline 0.006 -20"><span class='ocrx_word' id='word_1_399' title='bbox 860 4348 986 4416; x_wconf 83' lang='lat' dir='ltr'>sito</span> <span class='ocrx_word' id='word_1_400' title='bbox 1041 4350 1273 4436; x_wconf 84' lang='lat' dir='ltr'>insigni</span> <span class='ocrx_word' id='word_1_401' title='bbox 1327 4351 1591 4418; x_wconf 86' lang='lat' dir='ltr'>artificio</span> <span class='ocrx_word' id='word_1_402' title='bbox 1650 4363 1714 4420; x_wconf 87' lang='lat' dir='ltr'>et</span> <span class='ocrx_word' id='word_1_403' title='bbox 1754 4356 1967 4423; x_wconf 91' lang='lat' dir='ltr'>nitore</span> <span class='ocrx_word' id='word_1_404' title='bbox 2009 4355 2432 4426; x_wconf 82' lang='lat' dir='ltr'>elaborarunt.</span> 
     </span>
    </p>
   </div>
   <div class='ocr_carea' id='block_1_20' title="bbox 2495 4256 4088 4441">
    <p class='ocr_par' dir='ltr' id='par_1_29' title="bbox 2495 4256 4088 4441">
     <span class='ocr_line' id='line_1_73' title="bbox 2497 4256 4088 4352; baseline -0.003 -28"><span class='ocrx_word' id='word_1_405' title='bbox 2497 4278 2740 4344; x_wconf 83' lang='lat' dir='ltr'>parare.</span> <span class='ocrx_word' id='word_1_406' title='bbox 2830 4256 3027 4334; x_wconf 89' lang='lat' dir='ltr'>Quod</span> <span class='ocrx_word' id='word_1_407' title='bbox 3086 4257 3356 4346; x_wconf 91' lang='lat' dir='ltr'>quidem</span> <span class='ocrx_word' id='word_1_408' title='bbox 3391 4278 3589 4352; x_wconf 86' lang='lat' dir='ltr'>usque</span> <span class='ocrx_word' id='word_1_409' title='bbox 3646 4257 3809 4324; x_wconf 88' lang='lat' dir='ltr'>adeo</span> <span class='ocrx_word' id='word_1_410' title='bbox 3852 4273 4088 4321; x_wconf 81' lang='lat' dir='ltr'>verum</span> 
     </span>
     <span class='ocr_line' id='line_1_74' title="bbox 2495 4357 4083 4441; baseline -0.001 -16"><span class='ocrx_word' id='word_1_411' title='bbox 2495 4368 2631 4441; x_wconf 90' lang='lat' dir='ltr'>est,</span> <span class='ocrx_word' id='word_1_412' title='bbox 2685 4367 2756 4427; x_wconf 92' lang='lat' dir='ltr'>ut</span> <span class='ocrx_word' id='word_1_413' title='bbox 2807 4360 3114 4427; x_wconf 87' lang='lat' dir='ltr'>unanimis</span> <span class='ocrx_word' id='word_1_414' title='bbox 3173 4361 3256 4428; x_wconf 88' lang='lat' dir='ltr'>sit</span> <span class='ocrx_word' id='word_1_415' title='bbox 3311 4359 3697 4431; x_wconf 81' lang='lat' dir='ltr'>eruditorum</span> <span class='ocrx_word' id='word_1_416' title='bbox 3749 4357 4083 4426; x_wconf 82' lang='lat' dir='ltr'>Parisino-</span> 
     </span>
    </p>
   </div>
   <div class='ocr_carea' id='block_1_21' title="bbox 995 4559 3431 4683">
    <p class='ocr_par' dir='ltr' id='par_1_30' title="bbox 995 4559 3431 4683">
     <span class='ocr_line' id='line_1_75' title="bbox 995 4559 3431 4683; baseline 0.005 -60.134"><span class='ocrx_word' id='word_1_417' title='bbox 995 4571 1043 4636; x_wconf 81' lang='grc'>“”)</span> <span class='ocrx_word' id='word_1_418' title='bbox 1084 4571 1229 4626; x_wconf 68' lang='lat' dir='ltr'>Alios</span> <span class='ocrx_word' id='word_1_419' title='bbox 1264 4559 1426 4626; x_wconf 69' lang='lat' dir='ltr'>malae</span> <span class='ocrx_word' id='word_1_420' title='bbox 1461 4573 1641 4629; x_wconf 71' lang='lat' dir='ltr'>mercis</span> <span class='ocrx_word' id='word_1_421' title='bbox 1678 4576 1854 4632; x_wconf 73' lang='lat' dir='ltr'>fabros</span> <span class='ocrx_word' id='word_1_422' title='bbox 1891 4596 2262 4634; x_wconf 81' lang='lat' dir='ltr'>commemorat</span> <span class='ocrx_word' id='word_1_423' title='bbox 2297 4581 2540 4635; x_wconf 70' lang='lat' dir='ltr'>Rinckius</span> <span class='ocrx_word' id='word_1_424' title='bbox 2578 4579 2683 4646; x_wconf 81' lang='lat' dir='ltr'>(de</span> <span class='ocrx_word' id='word_1_425' title='bbox 2719 4594 2816 4637; x_wconf 76' lang='lat' dir='ltr'>vet.</span> <span class='ocrx_word' id='word_1_426' title='bbox 2853 4595 3139 4683; x_wconf 28' lang='lat' dir='ltr'>numnpot.</span> <span class='ocrx_word' id='word_1_427' title='bbox 3175 4603 3226 4653; x_wconf 78' lang='lat' dir='ltr'>p.</span> <span class='ocrx_word' id='word_1_428' title='bbox 3269 4582 3431 4647; x_wconf 53' lang='lat'>¹15).</span> 
     </span>
    </p>
   </div>
   <div class='ocr_carea' id='block_1_22' title="bbox 4424 0 4443 1636">
    <p class='ocr_par' dir='ltr' id='par_1_31' title="bbox 4424 0 4443 1636">
     <span class='ocr_line' id='line_1_76' title="bbox 4424 0 4443 1636; baseline 0 0"><span class='ocrx_word' id='word_1_429' title='bbox 4424 0 4443 1636; x_wconf 95' lang='lat' dir='ltr'> </span> 
     </span>
    </p>
   </div>
   <div class='ocr_carea' id='block_1_23' title="bbox 4412 1801 4450 5498">
    <p class='ocr_par' dir='ltr' id='par_1_32' title="bbox 4412 1801 4450 5498">
     <span class='ocr_line' id='line_1_77' title="bbox 4412 1801 4450 5498; baseline 0 0"><span class='ocrx_word' id='word_1_430' title='bbox 4412 1801 4450 5498; x_wconf 95' lang='lat' dir='ltr'> </span> 
     </span>
    </p>
   </div>
  </div>
 </body>
</html>
