4450 5542
1564 465 1653 579 'c'
1685 510 1744 600 Α
1798 510 1858 579 P
1910 508 1977 578 v
2029 508 2094 580 Τ
2196 505 2450 579 xvm.
3279 547 3288 553 -
3449 499 3608 588 c'vn

386 670 805 758 stantiamque
858 669 1085 755 magis,
1157 689 1343 757 quam
1407 670 1547 758 typi
1615 670 1743 760 ipsi
1794 672 1961 759 prin-
2201 659 2446 755 Primus
2521 668 2638 737 fuit
2707 670 3078 756 Jobertusq'
3136 676 3242 762 qui
3330 673 3412 743 de
3495 679 3607 762 iis,

385 774 562 866 cipes
625 780 951 840 testentur.
1083 769 1433 840 Arbitraria
1483 773 1641 842 haec
1693 774 1874 861 signa
1927 795 1965 841 a
2030 772 2146 838 sed
2222 773 2479 850 nonnisi
2548 772 3002 862 perfunctorie,
3043 776 3274 858 ,verba
3334 779 3482 849 fecit
3502 787 3607 865 ¹²),

382 875 587 944 nuruis
647 877 1075 963 Augustorum
1129 877 1454 944 commatis
1503 877 1776 944 Romani
1830 875 1963 965 pla·
2029 872 2217 942 latius
2241 872 2544 950 subinde
2587 877 2701 943 ‘CL
2760 877 2974 961 Boze,
3044 883 3223 966 cujus
3277 883 3611 953 observata

381 1000 463 1047 ne
507 976 802 1062 exulant,
861 1001 939 1045 ae
995 977 1129 1045 fere
1182 978 1368 1046 etiam
1420 1000 1459 1046 a
1500 979 1717 1047 numis
1746 980 1965 1048 eadem
2031 976 2202 1042 Baro
2278 977 2614 1046 Bimardus
2688 981 2818 1046 suis
2893 927 2975 1048 ad
3036 981 3365 1050 Jobertum
3437 1009 3606 1054 com·

381 1090 631 1150 aetate
652 1102 771 1169 per
837 1081 1059 1150 urbes
1095 1089 1345 1149 exteras
1408 1081 1686 1169 signatis.
1797 1082 1965 1150 Vide
2032 1079 2355 1150 mentariis
2427 1081 2690 1148 inseruit
2731 1085 2831 1164 Ρ),
2922 1093 3109 1172 atque
3171 1081 3408 1176 eodem
3475 1090 3611 1157 fere
3679 1101 3702 1110 ⁶

382 1185 608 1267 etiam,
700 1205 863 1272 quae
927 1182 1011 1251 de
1068 1183 1172 1251 his
1237 1186 1306 1251 in
1356 1185 1825 1273 prolegomenis
1881 1185 1964 1254 ad
2030 1194 2319 1273 tempore
2412 1183 2581 1251 idem
2669 1195 3094 1271 argumentum
3168 1189 3412 1257 erudite
3485 1202 3618 1260 tra·

382 1308 616 1354 numos
658 1284 1033 1358 familiarum
1074 1288 1151 1354 R.
1182 1286 1381 1376 plura
1419 1283 1697 1356 docebo.
2031 1287 2223 1352 stavit
2287 1284 2697 1355 Mahudelius
2727 1291 2824 1370 Ρ),
2911 1289 3186 1379 denique
3267 1302 3332 1361 et
3406 1292 3609 1361 Pelle-

549 1390 675 1458 ΠΙ.
760 1394 957 1483 ›Sn'gna
1036 1397 1264 1458 imma.
1379 1392 1691 1460 Nimirum
1774 1412 1965 1458 numo
2031 1388 2231 1456 rinius
2246 1437 2266 1472 ‚
2324 1410 2483 1477 quae
2537 1413 2653 1458 sua
2705 1401 2874 1459 esset
2917 1395 3254 1476 sententia,
3310 1393 3609 1465 adhibitis

332 1499 501 1579 ‚jam
572 1491 831 1586 signato
906 1493 1105 1561 serius
1187 1492 1361 1560 aliud
1430 1494 1688 1583 aliquod
1762 1495 1966 1561 minus
2034 1513 2117 1558 ex
2173 1503 2429 1560 moneta
2483 1502 2714 1562 vetere·
2749 1495 3059 1583 exemplis
3125 1496 3277 1564 satis
3347 1500 3610 1587 copiose

318 1633 327 1640 -
380 1597 759 1685 impressum
801 1594 947 1678 fuit,
1005 1617 1212 1684 neque
1253 1596 1415 1664 illud
1456 1599 1525 1663 in
1567 1598 1776 1666 multis
1821 1599 1963 1664 sim·
2030 1596 2335 1682 exposuit
2362 1595 2439 1682 ⁴¹).
2526 1597 2631 1672 Es
2675 1596 2776 1664 his
2830 1596 3148 1683 fontibus,
3205 1622 3368 1690 quae
3410 1605 3612 1670 conti·

378 1699 525 1789 plex
599 1708 873 1782 tantum,
960 1698 1078 1766 sed
1128 1719 1247 1787 per
1306 1700 1640 1768 intervalla
1703 1702 1966 1769 accessit
2032 1718 2163 1763 nuo
2223 1696 2508 1780 docebo,
2595 1697 2898 1789 pleraque
2919 1761 2926 1772 .
2949 1701 3134 1769 hausi
3197 1704 3374 1772 nulla
3424 1727 3610 1795 qnae7

378 1802 561 1870 etiam
624 1801 934 1884 alterum,
1023 1802 1177 1890 quin
1230 1803 1296 1869 in
1350 1804 1663 1893 aliquibus
1715 1802 1964 1869 tertium
2034 1802 2154 1867 sita
2202 1822 2407 1869 novae
2469 1824 2544 1892 ac
2612 1804 2898 1871 certioris
2961 1808 3306 1894 cujuspiam
3361 1818 3606 1877 senten·

343 1986 357 2001 ι
380 1925 670 1995 quoque.
732 1903 1019 1971 Nulla
999 1925 1066 1971 ιιι
1108 1905 1238 1971 1ιοο
1276 1905 1563 1996 instituto
1609 1905 1826 1974 decori
1866 1927 1963 1971 ra·
2030 1904 2157 1970 tiae
2220 1903 2457 1992 gloria,
2547 1927 2709 1994 quae
2781 1908 2893 1974 vix
2963 1907 3176 1998 aliqua
3241 1912 3310 1977 in
3383 1934 3607 1990 causae

379 2009 467 2075 tio
510 2006 783 2075 habita.
840 2006 1007 2075 Nam
1048 2029 1123 2074 ea
1165 2029 1299 2076 non
1341 2031 1591 2097 semper
1634 2030 1964 2077 numerum
2030 2015 2158 2095 tam
2242 2010 2517 2075 incertae
2604 2018 2669 2076 et
2753 1991 3083 2099 ambiguae
3169 2013 3608 2091 enucleatione

383 2107 803 2177 areaesuere
852 2110 1113 2192 inserta,
1169 2109 1287 2179 sed
1340 2121 1411 2179 ut
1462 2112 1597 2180 fors
1652 2111 1825 2196 tulit,
1889 2134 1964 2179 ae
2010 2111 2270 2199 sperari
2325 2120 2560 2201 potest.

382 2214 567 2281 velut
606 2214 681 2279 in
738 2234 933 2299 opere
987 2214 1418 2298 tumultuario,
1474 2221 1810 2304 pervasere
1850 2238 1962 2283 ca·
2754 2290 2769 2303 ,
3133 2293 3148 2307 0

386 2328 517 2407 put,
614 2316 907 2405 aliosque
974 2327 1197 2405 typos,
1288 2339 1448 2406 quae
1512 2319 1770 2387 saevitia
1831 2340 1963 2386 non
2176 2284 2353 2350 Μοά
2390 2304 2700 2368 '‘gmmm
2740 2307 3082 2404 m⁰¹²ffm
3120 2311 3183 2355 ²¹²
3225 2300 3457 2357 mm

381 2442 519 2488 raro
593 2442 800 2509 opera
864 2419 1195 2488 numerum
1270 2421 1665 2490 nobilissima
1737 2421 1963 2490 misere
2679 2388 2967 2455 Rmm·

382 2521 805 2604 deformavit3
889 2542 1097 2611 neque
1165 2546 1242 2590 ea
1306 2531 1548 2590 tantum
1609 2523 1705 2589 illi
1758 2526 1960 2614 parti,
2092 2533 2097 2544 ·
2200 2517 2294 2585 Ι.’
2343 2519 2566 2588 Stante
2650 2523 2975 2614 republica
3046 2533 3334 2592 monetae
3401 2527 3604 2613 eujus-

383 2647 535 2714 quae
608 2626 806 2692 ictum
876 2635 1245 2716 exceperat,
1331 2625 1555 2694 fatalis
1605 2627 1753 2712 fuit,
1834 2625 1962 2698 ‚sed
2031 2640 2278 2708 cunque
2331 2623 2570 2691 metalli
2624 2625 2803 2711 signa
2858 2625 3047 2712 hujus
3102 2627 3351 2715 generis
3393 2628 3607 2697 incudi

383 2726 525 2797 fecit
588 2729 757 2796 ictus
823 2728 1244 2812 vehementia,
1333 2739 1405 2796 ut
1456 2730 1653 2818 partis
1706 2750 1963 2798 aversae
2029 2745 2164 2793 non
2218 2728 2655 2811 consuevisse,
2711 2750 2979 2800 sanxere
3030 2729 3472 2815 Mahudelius,
3545 2737 3660 2802 α’·

302 2913 309 2920 .
383 2831 562 2902 locus
636 2831 795 2898 ictui
865 2832 1211 2920 oppositus,
1278 2831 1578 2922 deinceps
1660 2842 1961 2924 turgeret,
2029 2829 2292 2900 Bozius.
2390 2830 2568 2898 Istud
2622 2833 2938 2900 statuendi
2995 2855 3187 2901 causa
3240 2834 3390 2918 fuit,
3459 2836 3607 2926 quia
3731 2837 3738 2842 ’

391 2943 459 3002 et
498 2934 610 3000 hie
664 2954 922 3022 quoque
973 2938 1283 3020 jacturam
1338 2935 1686 3020 literarum,
1774 2946 1961 3025 typo·
2031 2932 2154 3000 sibi
2194 2953 2474 3000 numum*
2496 2933 2740 3002 Romae
2770 2935 3033 3009 ‚liberae
3084 2938 3604 3006 similibus‘notis

396 3055 607 3104 rumve
660 3046 992 3124 cogeretur
1052 3037 1343 3127 experiri,
1457 3038 1614 3124 Ejus
1668 3036 1818 3104 faeti
1872 3039 1967 3104 in·
2032 3034 2339 3120 insignem
2390 3035 2606 3102 videre
2634 3029 2791 3120 ‘non
2846 3038 3128 3123 contigit.
3220 3039 3437 3105 Serius
3487 3040 3603 3107 ho·

397 3137 569 3226 digni
638 3139 932 3228 exempla
993 3138 1171 3206 dabit
1233 3141 1303 3206 in
1370 3141 1576 3206 nuruis
1641 3140 1965 3207 commatis
2031 3155 2170 3201 rum
2219 3134 2436 3224 plures
2495 3137 2830 3225 comperti,
2901 3159 3064 3225 quos
3126 3138 3449 3226 praeclara
3499 3164 3634 3224 ειν,

388 3241 664 3309 Romani
703 3240 1048 3309 Morellius
1086 3242 1169 3307 ·in
1220 3244 1426 3308 numis
1468 3242 1737 3329 Augusti
1789 3242 1965 3309 tabu·
2031 3237 2216 3305 lertia
2255 3239 2636 3327 conquisivit
2660 3238 3064 3309 Neumannus
3107 3249 3412 3334 noster').
3472 3244 3603 3312 Ex-

388 3343 449 3412 ln
494 3355 637 3416 tota
687 3342 1009 3426 XXXII„
1096 3345 1423 3413 commatis
1483 3336 1729 3414 externi
1787 3367 1846 3411 v.
1904 3364 1965 3431 g.
2031 3341 2237 3408 hibuit
2305 3341 2674 3409 Pelleriuius
2747 3341 3071 3412 denarium
3147 3345 3352 3433 gentis
3418 3345 3599 3416 Plan·

386 3447 852 3522 tetradrachma
908 3446 1215 3516 Sidetum
1308 3447 1622 3542 (Hunter.
1680 3445 1809 3515 tab.
1862 3452 1966 3518 49.
2034 3443 2169 3511 ciae
2213 3465 2355 3511 cum
2406 3454 2562 3514 nota
2603 3444 2744 3515 AB.
2786 3413 2958 3518 AES.
2970 3446 3069 3535 ·,)
3129 3448 3246 3515 sed
3291 3468 3415 3538 pro
3476 3469 3604 3540 quo

386 3557 620 3635 ιι.8.9.,
670 3552 847 3618 etin
888 3572 1027 3618 mea
1048 3551 1402 3638 Syllogel.
1445 3549 1574 3619 tab.
1593 3551 1705 3618 lv.
1750 3571 1812 3618 ιι.
1832 3555 1965 3638 12.)
2033 3545 2368 3633 legendum
2455 3546 2821 3637 retrograde
2890 3550 3605 3621 1MP.VES.1iteria

388 3653 506 3722 ms
563 3653 765 3742 signis
816 3671 918 3719 ars
971 3663 1190 3722 nostra
1245 3676 1327 3721 ex
1380 3654 1521 3743 ipsa
1573 3675 1761 3722 causa
1803 3659 1963 3720 ἐπου-
2034 3649 2388 3738 colligatis,
2449 3650 2666 3719 docuit
2718 3651 3167 3723 Neumannus⁸
3176 3655 3232 3742 ).
3328 3656 3603 3748 Easdem

248 3820 271 3830 -
386 3779 589 3825 mm
644 3776 883 3824 nomen
928 3755 1147 3840 dedit,
1217 3756 1420 3826 Gallis
1473 3767 1619 3846 apte
1677 3755 1966 3823 dicunntur
2033 3752 2247 3821 literas
2303 3754 2520 3822 VES
2564 3755 2667 3823 vel
2720 3757 2906 3827 IMP.
2960 3757 3149 3826 VES.
3212 3760 3421 3846 reperi
3483 3780 3603 3847 ego

388 3869 881 3955 mma.
2031 3858 2100 3924 in
2184 3857 2353 3924 binis
2445 3858 2715 3926 denariis
2800 3863 3000 3929 musei
3067 3862 3386 3943 Caesarei,
3469 3881 3602 3932 uno

558 3962 953 4052 Antequam,
1010 3982 1170 4048 quae
1224 3960 1409 4028 fuerit
1449 3889 1807 4028 verisimilis
1847 3959 1964 4026 ho·
2031 3958 2131 4040 M.
2189 3961 2459 4028 Antonii
2519 3961 2824 4051 inscripto
2888 3962 3081 4031 LEG.
3142 3962 3295 4030 XII.
3355 3959 3603 4030 ANTI-

386 4075 541 4136 nun‘
586 4067 911 4154 signorum
975 4085 1194 4147 causa,
1282 4064 1682 4152 inquirimus,
1732 4083 1968 4152 expo·
2038 4062 2315 4143 QVAE,
2378 4062 2580 4130 altero
2635 4064 2838 4150 gentis
2894 4061 3234 4148 Carviliae',
3290 4074 3356 4134 et
3405 4066 3602 4134 setim

390 4168 601 4262 nendi-
630 4176 780 4235 sunt
798 4168 977 4236 ‘varii
1019 4188 1238 4236 eorum
1264 4166 1461 4251 modi,
1506 4189 1582 4233 ac
1607 4166 1875 4255 primum
1902 4167 1969 4235 in
2034 4164 2444 4232 Neumannus
2493 4165 2560 4232 in
2619 4165 2816 4235 obvio
2877 4166 3134 4234 denario
3178 4188 3320 4234 cum
3360 4168 3601 4259 epigra-

388 4273 598 4340 uumis
641 4271 970 4378 commatis
1011 4271 1320 4366 Romani,
1378 4269 1611 4339 deinde
1652 4269 1913 4337 externi.
2034 4268 2192 4356 phe:
2245 4266 2346 4335 Μ.
2379 4267 2513 4334 AP.
2555 4268 2624 4336 C.
2654 4269 2730 4336 L.
2757 4271 2839 4356 Q.
2875 4268 3001 4352 M..
3044 4267 3113 4338 ἰιί
3154 4269 3284 4338 alio
3325 4267 3429 4344 Μ.
3471 4274 3599 4341 Λιι-
3669 4295 3718 4342 ·.

558 4507 640 4577 n)
672 4508 899 4564 sciente
930 4509 996 4563 de
1029 4507 1171 4564 Med.
1209 4507 1276 4564 T.
1311 4510 1353 4567 l.
1390 4528 1439 4578 p.
1477 4501 1595 4561 3122.
1904 4502 1980 4574 o)
2014 4505 2048 4557 Ι.
2086 4523 2129 4556 c·
2164 4523 2218 4573 p.
2252 4497 2371 4557 348.
2405 4524 2510 4576 seq.
2587 4497 2596 4502 ’
2810 4508 2885 4580 p)
2920 4505 2987 4561 Β.
3023 4509 3082 4562 1..
3118 4506 3183 4563 T.
3218 4487 3354 4564 x'lv.
3391 4531 3443 4580 p.
3478 4512 3598 4564 132.

394 4591 471 4665 q)
505 4593 689 4668 sopp-l.
725 4594 873 4676 Ep.
906 4589 988 4647 61.
1023 4613 1129 4665 seq.
1180 4605 1189 4611 ’
1301 4589 1356 4660 r)
1393 4592 1550 4646 Num.
1585 4611 1712 4663 pop.
1750 4592 1810 4645 P.
1843 4591 1906 4648 Π.
1943 4611 1993 4660 p.
2037 4582 2154 4646 184.
2329 4587 2388 4658 s)
2425 4590 2612 4660 Suppl.
2648 4593 2710 4648 ll.
2744 4596 2846 4648 uh.
2881 4593 2965 4648 111.
2999 4616 3051 4648 ιι.
3089 4599 3174 4649 11.
3341 4593 3391 4660 t>
3427 4596 3461 4650 Ι.
3497 4615 3542 4647 c.

3091 4682 3201 4746 02
