4450 5542
3111 282 3148 307 d

808 475 947 611 inv
1208 460 1221 483 κ
1386 486 1407 515 ἱ
1709 468 2471 607 PROLEGOMEMA
2542 528 3121 609 GENERALIA.

672 744 680 754 .
810 692 918 767 Ad
967 712 1147 780 reges
1204 690 1379 781 quod
1445 692 1695 773 attinet,
1770 692 1871 763 cui
1940 708 2074 761 non
2129 692 2408 778 cognita
2446 691 2738 773 recita-vi,
2810 696 2918 783 qui
2979 716 3207 783 negare
3257 629 3434 764 volet
3483 656 3788 793 peeuniae
3841 717 4020 764 usum

811 797 1004 864 series
1088 804 1389 887 perpetua
1480 803 1545 860 et
1625 782 2007 881 aequabilis
2052 814 2382 863 numerum
2447 793 2860 883 praestitisse,
2923 806 3108 886 atque
3161 796 3291 865 hoc
3335 796 3613 864 consilio
3670 821 3709 864 a
3760 799 3891 865 suis
3929 798 4019 867 ci·

812 897 1087 987 Philippi
1143 897 1224 967 11.
1290 906 1355 963 et
1406 894 1759 973 Alexandri
1812 894 1907 967 Μ.
1970 896 2038 965 in
2100 906 2300 964 ‘auro
2295 906 2384 963 et
2449 896 2741 965 vitatibus
2811 898 3116 985 signatas,
3145 928 3152 935 ·
3211 898 3333 985 nae
3389 901 3448 966 is
3512 898 3798 969 videamr
3865 898 4019 967 luci·
4101 934 4132 958 ·.

812 1010 1068 1091 argento
1087 1048 1106 1082 ,
1217 1017 1518 1088 quorum·
1570 998 1864 1087 frequens
1950 998 2120 1086 apud
2202 999 2382 1087 ipsos
2451 997 2712 1068 dissimo
2757 1001 2882 1067 soli
2911 1000 3092 1071 ,velle
3134 980 3336 1068 lucem
3377 1020 3623 1087 negare.
3726 1022 3732 1026 ’
3807 1022 3818 1033 ·

814 1113 1056 1173 veteres
1094 1188 1099 1193 ι
1142 1102 1378 1171 mentio
1467 1102 1722 1171 nomine
1804 1098 2245 1191 Philipporum
2320 1110 2385 1169 et
2625 1090 2766 1171 His'
2822 1103 3173 1171 constitutis
3247 1100 3433 1173 facile
3510 1108 3802 1191 apparet,
3905 1090 4060 1168 eos'

708 1226 715 1239 ’
810 1202 1417 1285 Alexandrinorum,
1495 1212 1558 1271 et
1628 1205 1894 1292 quorum
1956 1224 2082 1292 ope
2158 1202 2384 1271 iisdem
2452 1224 2706 1287 omnes,
2785 1207 2893 1295 qui
2945 1205 3070 1273 hos
3125 1206 3512 1273 characteres
3576 1223 3712 1270 non
3760 1201 4017 1285 habent,

812 1308 995 1379 etiam
1065 1304 1333 1373 testibus
1417 1307 1766 1393 emptiones
1832 1314 1981 1379 sunt
2051 1304 2381 1392 peractae?
2447 1328 2659 1374 veram
2721 1318 3037 1377 monetam
3089 1328 3240 1375 ‚non
3303 1305 3526 1389 fuisse,
3599 1307 3668 1372 in
3755 1327 4021 1393 quornm

812 1407 1001 1479 Adde
1072 1408 1301 1479 obvios
1370 1429 1597 1503 aureos
1669 1417 2126 1496 argenteosque
2196 1407 2380 1489 Lysi·
2450 1410 2703 1479 censum
2781 1409 3089 1479 referendi
3155 1409 3445 1477 videntur
3522 1407 3694 1475 numi
3766 1407 4023 1491 maximi

813 1511 1019 1583 machi
1122 1510 1433 1591 Thraciae
1544 1510 1744 1597 regis,
1886 1509 2380 1583 tetradrachmos
2448 1510 2692 1581 moduli
2778 1516 3201 1599 cujuscunque
3291 1508 3530 1593 metalli
3617 1531 3758 1591 cum
3851 1508 4022 1597 apud
4069 1500 4084 1511 ’

690 1642 695 1647 ’
815 1612 1350 1694 Ptolemaeorum,
1440 1632 1705 1699 quorum
1770 1612 2031 1700 insignis
2094 1621 2381 1700 superest
2448 1614 2806 1696 Romanos,
2894 1623 3025 1683 tum
3093 1616 3407 1695 Graecos,
3473 1614 3806 1701 praecipue
3867 1621 4019 1693 tum,

802 1715 1138 1799 numerus,
1221 1725 1350 1783 tum
1414 1735 1629 1801 regum
1690 1715 1944 1798 syriae,
2020 1714 2380 1797 Bithyniae,
2450 1716 2706 1805 quando
2792 1716 2875 1784 de
2959 1716 3202 1786 minore
3289 1712 3608 1784 ordinaria
3676 1714 4032 1802 cujuspiam

814 1818 1128 1939 Pergami,
1262 1816 1651 1889 drachmales
1747 1837 1962 1904 regum
2016 1816 2382 1907 --cappado
2449 1819 2672 1909 populi
2749 1827 3003 1889 moneta
3086 1827 3360 1888 constat
3479 1815 3838 1909 Procedant
3896 1815 4022 1903 'pri-

742 1938 747 1941 '
814 1919 981 2001 ciae,
1029 1917 1392 2007 Parthiae,
1481 1929 1545 1987 et
1630 1918 2058 2037 Hispanorum
2143 1919 2408 2007 indige·
2450 1942 2618 1991 mum
2679 1920 2970 1991 R‘omani.
3088 1918 3443 1999 Omittimus
3508 1918 3871 1989 consulares
3910 1938 4021 1984 au·

814 2043 1052 2093 narum.
1149 2022 1399 2093 Certum
1463 2022 1651 2095 etiam
1703 2023 2006 2110 pecuniae
2071 2021 2383 2109 characte-
2450 2029 2628 2107 reos,
2691 2025 2839 2113 quia
2891 2031 3093 2097 stante
3143 2044 3277 2110 rep.
3328 2020 3583 2107 nonnisi
3637 2019 4022 2116 paucissimi,

814 2144 947 2197 rem
1009 2122 1247 2197 habent
1303 2124 1679 2213 Cistophori
1728 2123 1921 2197 Asiae
1973 2104 2383 2211 proeonsula
2451 2147 2657 2216 neque
2721 2148 2806 2195 ex
2857 2124 3000 2212 lege
3052 2123 3369 2193 ordinaria
3419 2122 3646 2209 signati
3697 2131 3896 2202 sunt,
3942 2119 4024 2187 de

815 2228 939 2309 rie,
984 2235 1053 2297 ut
1076 2224 1369 2309 dicetur,
1415 2225 1525 2299 ubi
1568 2226 1651 2295 de
1691 2225 1791 2297 his
1843 2247 2117 2313 agemus.
2201 2227 2380 2313 Ejus
2451 2251 2580 2318 quo
2645 2250 2729 2297 ex
2793 2228 3080 2297 institiuo
3148 2236 3400 2314 agemus
3464 2224 3615 2295 alibi
3641 2224 3723 2311 ⁸.)
3844 2224 4023 2302 Quae
4077 2304 4082 2307 -

817 2328 962 2399 dem
1047 2329 1309 2399 rationis
1398 2337 1545 2403 sunt
1638 2328 1832 2397 series
1920 2330 2394 2403 numismaticae
2449 2330 2636 2401 fuerit
2685 2328 2836 2399 inde
2887 2352 2927 2394 a
2979 2329 3040 2400 J.
3099 2329 3369 2421 Caesare
3425 2324 3741 2395 ordinaria
3789 2323 4021 2395 Roma·

816 2431 1147 2507 multarum
1226 2430 1471 2510 urbium
1553 2430 1889 2505 liberarum
1977 2431 2384 2527 populorum·
2452 2452 2679 2505 norum
2754 2440 3008 2499 moneta
3097 2451 3318 2510 aurea,
3436 2448 3653 2499 eorum
3744 2425 4052 2514 pondus,-

817 2555 969 2623 que,
1059 2555 1215 2623 quas
1276 2534 1440 2607 inter
1495 2534 1805 2610 notissimi
1872 2543 2018 2601 sunt
2068 2534 2241 2605 numi
2296 2542 2382 2601 te
2450 2535 2663 2618 valor,
2709 2532 3203 2614 conformatio,
3286 2530 3519 2599 nemini
3580 2530 3715 2601 non
3777 2537 4020 2599 notum.

812 2634 1194 2707 tradmnhmi
1276 2635 1500 2718 Attici,
1610 2626 1856 2705 eodem
1929 2634 2061 2707 fere
2163 2656 2384 2705 omnes
2450 2636 2514 2704 A
2566 2637 2834 2723 Caesare
2887 2634 3192 2741 dictatore
3258 2655 3459 2722 usqne
3526 2631 3608 2701 ad
3664 2631 4019 2703 Constanti·

798 2735 1134 2828 pondere,
1207 2736 1354 2804 solo
1406 2736 1711 2805 fabricae
1721 2737 1944 2804 merito
1982 2739 2170 2820 varii,
2240 2738 2385 2826 quia
2451 2740 2518 2809 ni
2570 2726 2667 2809 Μ.
2718 2730 3005 2827 tempora
3055 2737 3228 2807 aurci
3273 2758 3443 2806 max.
3492 2734 3660 2805 mod.
3724 2732 4022 2822 perpauci

818 2842 970 2913 inde
1023 2864 1075 2909 a
1098 2830 1520 2910 vetustissimo
1567 2860 1731 2917 aevo
1779 2838 1999 2915 saltem
2054 2854 2254 2928 usque
2305 2840 2387 2911 ad
2453 2852 2691 2913 tannim
2751 2851 2898 2913 suut
2967 2840 3205 2928 cogniti
3265 2838 3654 2927 vulgatique,
3726 2832 3876 2929 inde
3937 2834 4019 2905 ab

819 2945 1026 3017 vicina
1122 2944 1493 3013 Caesaribus
1587 2950 1877 3029 tempora
1970 2942 2388 3029 signabantur
2449 2944 2620 3015 hoc
2652 2965 2768 3033 per
2841 2942 3100 3015 inferius
3175 2963 3394 3011 aevum
3464 2948 3726 3030 praeter
3778 2935 4023 3007 moduli
4153 2936 4170 3023 ᾗ

820 3045 1009 3115 Adde
1103 3045 1559 3117 tetradrachma
1642 3043 2087 3119 Macedonum
2171 3045 2390 3121 inseri
2457 3047 2745 3119 consueti
2790 3067 3022 3123 numos
3079 3046 3331 3135 copiosi
3385 3051 3642 3115 exstant
3684 3051 3813 3111 tam
3861 3059 4028 3127 pon-

818 3159 929 3239 pta
971 3144 1586 3229 ΜΛΚΕΔΟΝΩΜ
1624 3145 1828 3217 ΠΡΩ
1840 3146 2067 3223 ΤΗΣ.
2121 3157 2184 3221 et
2223 3132 2391 3217 Tha-
2457 3150 2611 3221 dere
2667 3171 2852 3239 quam
2892 3149 3212 3219 volumine
3266 3146 3608 3233 conspicui.
3696 3145 3774 3211 In
3814 3142 4030 3213 sumis

820 3252 1093 3334 siorum,
1168 3248 1414 3317 infinito
1470 3258 1731 3341 utraque
1782 3271 2077 3338 numero,
2140 3260 2282 3325 tum
2327 3259 2417 3319 et
2461 3254 2722 3327 Graecis
2795 3252 3156 3335 Lysimachi
3228 3246 3538 3335 Thraciae
3606 3243 3772 3327 regis
3842 3260 4019 3327 prue-

822 3353 1202 3425 tridrachma
1299 3353 1778 3436 Syracusarum,
1888 3352 2178 3436 Tarenti,
2264 3353 2389 3421 Ve-
2458 3366 2554 3423 ter
2618 3374 2845 3422 aureos
2907 3350 3290 3428 ordinarios,
3373 3346 3482 3431 qui
3545 3342 3708 3410 duos
3777 3343 4024 3417 circiter

820 3454 946 3527 liae
989 3464 1106 3525 etc.
1148 3452 1550 3525 drachmales
1592 3453 2003 3537 Dyrrhachii,
2070 3464 2134 3521 et
2187 3452 2390 3540 Apot-
2431 3472 2692 3525 -anreos
2734 3461 3047 3521 nostrates
3100 3446 3495 3536 adpendunt‚
3565 3454 3734 3513 sunt-
3767 3445 3872 3512 alii
3915 3467 4021 3513 co-

823 3555 1037 3625 loniae
1089 3574 1207 3642 per
1248 3556 1495 3641 copiam
1534 3554 1694 3627 viles
1752 3564 1817 3621 et
1873 3554 2004 3621 fere
2044 3554 2391 3642 neglectos,
2457 3552 2629 3645 piosi
2676 3553 2952 3640 insignes
2992 3550 3278 3642 pondere
3317 3567 3656 3619 aureorum.
3692 3553 3756 3619 4.
3799 3552 3872 3623 6<
3915 3554 4014 3621 10.

768 3678 785 3691 ·
824 3656 1020 3727 series
1052 3656 1063 3663 ’
1099 3654 1512 3744 amplissimas
1586 3664 1651 3720 et
1714 3655 1784 3721 in
1860 3658 2108 3725 tertium
2181 3674 2390 3731 saecu·
2461 3666 2526 3735 et
2577 3652 2861 3744 amplius.
2979 3654 3174 3742 Igitur
3239 3650 3473 3743 similes
3542 3649 3716 3721 numi
3751 3659 4023 3725 ,moneta

694 3776 701 3783 ’
822 3759 951 3835 lum
1020 3767 1392 3848 prorogatus
1454 3778 1782 3831 numerum
1845 3758 2221 3843 Antiochiae
2269 3760 2390 3842 Sy·
2461 3757 2858 3831 existimandi
2897 3776 3030 3829 non
3071 3765 3270 3838 sunt,·
3297 3754 3448 3845 quin
3486 3753 3834 3825 communis
3875 3752 4018 3832 alia,

822 3863 956 3935 riae
1031 3873 1096 3929 et
1164 3860 1586 3931 Alexandriae
1669 3859 1973 3948 Aegypti·
2100 3860 2392 3950 Denique
2451 3860 2819 3951 modulique
2862 3858 3162 3931 ordinarii
3179 3896 3185 3909 ·
3203 3864 3455 3949 praesto
3489 3858 3624 3941 Jam
3663 3855 3795 3927 fuit.
3893 3852 4019 3931 Mi-

823 3967 1132 4050 variarum
1195 3985 1421 4034 numos
1484 3961 1902 4046 coloniarum,
2000 3967 2157 4051 quas
2230 3963 2392 4035 inter
2458 3980 2576 4039 nus
2635 3973 2771 4033 tuto
2828 3962 2911 4035 de
2964 3962 3229 4031 aliorum
3288 3979 3505 4047 regum
3565 3958 3766 4029 ιιιιειίε
3827 3957 4019 4031 mast

800 4070 1133 4167 insignem
1204 4089 1423 4139 eorum
1496 4086 1816 4139 numerum
1886 4063 2189 4140 cuderunt
2267 4066 2392 4137 Co·
2449 4068 2611 4147 mis,
2666 4089 2726 4133 v.
2757 4087 2825 4154 g.
2887 4063 3387 4137 Ptolemaeorum
3439 4069 3504 4130 et
3553 4058 4021 4133 Seleucidarum

828 4170 1071 4246 rinthus
1086 4209 1113 4253 ς
1235 4169 1578 4239 Antiochia
1682 4167 1941 4253 Syriae,
2040 4168 2392 4243 Nemausus
2459 4186 2720 4258 possum
2771 4168 3110 4249 arbitrari,
3162 4167 3308 4255 quia
3358 4183 3574 4235 eorum
3628 4162 3797 4233 numi
3852 4161 4022 4233 aurei

830 4270 1129 4359 aliaeque.
1223 4274 1389 4341 Tam
1425 4281 1757 4389 perpetuas
1811 4294 1885 4340 ac
1938 4269 2062 4339 sibi
2103 4281 2392 4349 constan·
2457 4280 2690 4359 magno
2733 4292 2990 4343 numero
3033 4291 3194 4341 non
3207 4275 3568 4355 supersunt,
3612 4284 3816 4352 neque
3858 4262 4022 4339 ferte

754 4435 761 4439 .
831 4384 927 4440 tes
996 4386 1325 4449 numerum
1388 4375 1616 4456 series,
1697 4394 1850 4462 quas
1921 4371 2117 4462 modo
2189 4374 2395 4445 obiter
2462 4395 2689 4461 magno
2734 4394 2993 4443 numero
3039 4371 3264 4457 signati
3307 4377 3470 4436 sunt.

3470 4522 3596 4534 ’,σι-ι·

869 4632 875 4647 .
975 4590 1035 4661 ς)
1070 4593 1137 4647 de
1170 4611 1335 4647 num.—
1351 4594 1609 4650 consular.
1645 4613 1755 4664 cap.
1790 4593 1879 4649 lv·
1950 4568 1959 4575 ’
