4450 5542
1470 597 1485 608 ⁶
1619 461 2140 584 ΟἈΡΫΤ
2240 513 2424 583 XXI.
3365 530 3630 584 oxum
3763 592 3770 608 ί

592 674 928 742 amanum.
1020 659 1253 741 Νιιιιιιιι
1290 623 1373 740 ιιι
1412 673 1571 748 ιιιιιι
1604 647 1767 768 agris
1818 635 1990 758 ιιιιιιιιζ
2057 672 2125 738 ιιι
2211 672 2313 740 his
2400 671 2706 748 volumini
2793 670 3194 757 detrahitur,
3260 684 3629 763 compensat
3905 773 3936 786 .-

414 773 547 864 (de
601 777 992 844 Graecorum
1050 774 1157 841 hic
1207 761 1463 850 moneta
1516 776 1789 864 agimus,
1859 796 1992 844 non
2056 797 2283 864 massa.

422 876 508 944 de
549 878 755 945 numia
794 877 1017 946 Italiae
1058 877 1330 960 mediae,
1385 880 1451 945 in
1490 901 1618 976 qua
1661 879 1834 946 aliud
1877 878 1992 947 ob·
2164 877 2692 964 Οοηζιωίιιειο
2725 878 3038 966 regiones,
3083 880 3150 943 in
3194 897 3452 967 quarum
3491 902 3628 948 mo·

418 961 656 1066 tinuit)
701 993 1039 1068 argentum
1068 1003 1207 1047 cum
1250 1003 1436 1065 auro,
1481 982 1597 1048 sed
1640 983 1768 1049 hoc
1808 982 1991 1050 raris-
2057 939 2204 1048 neta
2260 980 2530 1047 orbiculi
2583 981 2890 1062 tenuitas,
2963 990 3027 1048 et
3079 982 3482 1049 rotunditas
3485 975 3627 1069 per·

416 1083 615 1165 simo,
683 1083 892 1151 solum
962 1077 1428 1168 dominabatur,
1496 1085 1585 1166 da
1632 1106 1761 1173 quo
1814 1105 1990 1172 argu·
2057 1083 2306 1150 fectior
2368 1093 2605 1150 certum
2695 1083 3148 1151 remotissimae
3244 1084 3630 1172 antiquitatis

414 1195 634 1252 mento
678 1208 871 1274 supra
909 1185 1045 1272 late‘,
1082 1188 1320 1274 egimus
1366 1187 1569 1276 capite
1609 1187 1784 1256 v111.
1928 1195 1937 1202 ’
2059 1167 2478 1252 characterem
2545 1185 2953 1252 constituunt.
3079 1186 3316 1254 Confer
3398 1208 3626 1253 numos

592 1292 910 1376 haer-iptio
976 1311 1166 1378 saepe
1229 1290 1423 1358 nulla.
1552 1291 1733 1388 Quae
1803 1310 1995 1356 causa
2058 1289 2570 1371 Syracusarum„
2588 1288 2794 1368 Naxi,
2836 1287 3189 1372 Abacaeni,
3245 1289 3662 1377 aliarumque,

418 1399 554 1470 est,
610 1413 723 1458 cur
775 1392 984 1460 multis
1029 1392 1214 1479 huJus
1271 1392 1554 1512 epochae
1603 1393 1821 1474 numia
1861 1413 1991 1458 cer·
2059 1390 2314 1458 Siciliae
2364 1391 2628 1457 urbiums
2727 1390 2967 1458 Tenuis
3021 1392 3203 1458 etiam
3257 1400 3403 1460 sunt
3451 1390 3625 1458 lami·

416 1502 589 1559 tam
615 1495 881 1584 patriam
950 1509 1086 1562 ιιοιι
1156 1497 1474 1583 possimus
1545 1465 1989 1583 praescribere.
2058 1515 2178 1569 nae
2242 1494 2414 1586 numi
2474 1494 2800 1560 variarum
2843 1493 2938 1559 Μ.
2996 1483 3298 1562 Graeciae
3358 1493 3625 1576 urbium,
3653 1529 3668 1546 ι

416 1594 585 1661 Vide
626 1596 818 1682 hujus
859 1600 1109 1684 generis
1163 1620 1296 1665 non
1349 1620 1588 1687 paucos
1640 1597 1809 1687 apud
1850 1595 1990 1663 Pel·
2056 1596 2232 1694 iique
2294 1617 2512 1663 omnes
2577 1596 3007 1678 vetustissimi,
3096 1596 3206 1684 qui
3263 1604 3488 1686 typum
3559 1597 3627 1668 iu
3773 1639 3777 1650 ·

416 1695 740 1780 Ῑοιὶιιέιιιιι,
831 1700 1026 1783 (Rec.
1082 1702 1196 1767 111.
1257 1701 1384 1772 tab.
1447 1698 1691 1786 CXV.)
1778 1707 1843 1766 et
1924 1697 1993 1764 in
2059 1720 2279 1767 aversa
2320 1698 2603 1766 incusum
2647 1697 2938 1768 offerunt.

280 1853 303 1863 -
360 1853 369 1864 .
414 1821 641 1869 museo
712 1801 1002 1870 Hunteri.
1090 1802 1295 1887 (Tab.
1354 1802 1502 1888 66.)
1592 1804 1748 1882 Cum
1811 1799 1993 1870 adest
2235 1800 2622 1883 Quadratum
2673 1800 2938 1868 informe
2992 1801 3158 1888 parti
3216 1820 3473 1868 aversae
3533 1800 3624 1868 in·

418 1902 792 2004 inscriptio,
850 1904 1123 1992 simplex
1164 1928 1240 1973 ea
1280 1914 1408 1988 est,
1462 1917 1526 1973 et
1568 1925 1790 1992 parca,
1851 1902 1993 1970 sola
2058 1926 2311 1988 cusum,
2401 1903 2481 1970 de
2533 1907 2714 1990 cujus
2765 1912 2986 1972 natura
3048 1912 3112 1970 et
3165 1903 3368 1971 causis
3422 1912 3626 1970 actum

418 1995 594 2073 urbis
651 2006 977 2074 mentione
1028 2018 1358 2089 contenta,
1422 2007 1739 2096 nulloque
1777 2005 1992 2074 inscri-
2058 2007 2263 2096 capite
2305 2005 2456 2074 XII.
2500 2010 2636 2089 §20
2682 2006 3061 2074 certissimus
3103 2015 3202 2074 est
3241 2006 3427 2093 hujus
3471 2024 3624 2093 epo·

418 2117 535 2196 pto
580 2105 969 2196 magistratu,
1015 2108 1247 2178 aliisve
1275 2110 1524 2178 indiciis
1568 2110 1633 2176 in
1677 2109 1991 2176 inferioris
2060 2110 2215 2190 chae
2257 2107 2455 2176 testis.
2555 2183 2562 2190 ,

420 2213 563 2280 aevi
603 2222 864 2280 moneta
906 2209 1133 2284 obviis.
1221 2214 1321 2280 Ea
1361 2213 1463 2279 vel
1503 2222 1677 2279 recta
1719 2221 1845 2300 est,
1888 2210 1994 2284 vel
2230 2212 2404 2300 Typi
2469 2210 2537 2279 in
2598 2219 2778 2299 parte
2835 2211 3045 2282 antica
3109 2214 3469 2294 exstantes,
3557 2230 3634 2275 ιιι

418 2315 811 2404 megrada,
853 2315 976 2398 vel,
1030 2336 1216 2403 quam
1256 2315 1767 2404 βὀυστροφηὸον
1804 2336 1995 2383 voca-
2058 2335 2279 2382 aversa
2318 2315 2655 2382 introrsum
2698 2315 2860 2398 cusi,
2904 2315 3013 2404 qui
3054 2314 3315 2398 modus,
3357 2323 3430 2381 ut
3472 2329 3625 2380 mox

364 2413 371 2420 ’
418 2438 595 2499 mus;
676 2417 805 2486 sed
864 2418 938 2485 si
971 2417 1428 2506 posterioribus
1479 2416 1733 2494 duobus
1783 2415 1992 2485 modis
2058 2416 2369 2501 dixeram,
2456 2417 2573 2484 fuit
2634 2416 2896 2486 urbibus
2956 2416 3054 2485 M.
3110 2417 3413 2486 Graeciae
3477 2437 3624 2504 pro-

404 2520 770 2609 ‘mg-itum,
859 2518 1227 2608 plerumque
1291 2529 1528 2588 tantum
1591 2519 1776 2607 hujus
1838 2541 1990 2608 epo·-
2055 2520 2263 2608 prius,
2335 2528 2401 2586 et
2464 2511 2584 2586 de
2607 2541 2770 2609 quo
2800 2541 2884 2586 ex
2948 2520 3233 2588 instituto
3291 2527 3507 2634 agetur
3559 2513 3643 2610 in

416 2622 613 2705 chae,
666 2623 872 2689 minus
914 2621 1277 2711 frequenter
1314 2622 1625 2690 secundae
1667 2624 1789 2688 erit
1826 2621 1991 2689 indi·
2056 2620 2526 2712 prolegomenis
2598 2622 2679 2689 ad
2743 2634 2968 2689 numos
3030 2621 3374 2705 Lucaniae,
3463 2621 3628 2690 haic

416 2722 600 2794 eiam.
687 2719 877 2806 Vide,
924 2747 1085 2812 quae
1122 2723 1211 2792 de
1252 2723 1353 2792 his
1393 2713 1602 2794 modis
1644 2726 1825 2814 plura
1867 2722 1992 2793 alia
2058 2744 2316 2812 quoque
2359 2724 2481 2791 sibi
2526 2725 2834 2811 epocham
2876 2725 3012 2791 sine
3047 2724 3254 2822 dubio
3284 2724 3625 2846 postulant.

414 2827 850 2916 praecepimus
892 2850 1084 2918 supra
1126 2829 1332 2918 capite
1373 2829 1585 2898 XVII.
2232 2824 2516 2894 circulus
2561 2835 2840 2902 ornatus
2871 2835 3213 2895 extremum
3255 2831 3429 2898 numi
3468 2852 3626 2898 mar·
3659 2819 3670 2828 ’

292 3009 309 3016 -
584 2932 926 2998 literar-tm
965 2933 1203 3015 forma.
1316 2932 1505 3000 Hanc
1555 2941 1700 3020 pete
1753 2953 1838 2999 ex
1889 2953 1988 2999 ca·
2055 2931 2263 3018 ginem
2313 2929 2621 3013 ambienS,
2678 2929 2930 3018 qualem
2980 2952 3174 3020 saepe
3223 2932 3505 3012 videmus
3557 2933 3626 3005 in

412 3031 553 3119 pite
591 3031 768 3100 vm.
826 3035 865 3114 5
914 3038 1046 3117 10„
1134 3056 1285 3123 quo
1317 3023 1469 3102 loco
1525 3033 1987 3121 antiquissimo·
2054 3032 2345 3120 gemmis,
2400 3049 2555 3121 quas
2606 3033 2910 3114 Etruscas
2961 3041 3214 3104 vocant.
3310 3033 3438 3102 Hic
3490 3034 3620 3123 ple·
3673 3027 3682 3040 ’

416 3153 565 3204 rum
626 3133 1048 3203 characterum
1108 3136 1374 3209 formam
1435 3137 1665 3224 pictam
1732 3157 1815 3202 ex
1876 3157 1989 3204 nu·
2053 3156 2317 3222 rumque
2357 3135 2734 3222 conspicuus
2785 3142 2886 3200 est
2929 3133 2997 3198 in
3040 3134 3244 3210 numis
3286 3133 3386 3202 M.
3432 3138 3624 3204 Grae-

415 3236 539 3304 mis
580 3236 1017 3306 vemstissimis
1058 3240 1343 3306 stitimus.
1408 3237 1542 3305 Sed
1581 3236 1986 3326 monendum,
2057 3237 2191 3304 ciae
2222 3237 2507 3319 -incusis,
2574 3245 2642 3302 ut
2694 3234 2991 3317 Sybaris,
3058 3236 3390 3320 Crotonis,
3465 3237 3638 3332 Cau-U

413 3338 583 3408 sicut
621 3337 697 3405 in
734 3337 987 3427 linguis,
1028 3341 1119 3409 it'a
1160 3353 1227 3410 et
1264 3342 1335 3408 in
1376 3340 1693 3414 literarum
1739 3338 1990 3407 delectu
2054 3339 2299 3420 loniae3
2349 3338 2505 3406 ‘item
2559 3334 2915 3404 Pandosiae
2928 3386 2948 3420 ,
3000 3337 3333 3422 (Pellerin.
3373 3340 3623 3418 Lettres

413 3449 487 3512 et
540 3440 749 3509 forma
810 3461 1261 3530 nonnunquam
1328 3448 1657 3510 occurrere
1718 3442 1988 3510 archais-
2054 3462 2119 3530 p.
2179 3442 2368 3523 201.)
2425 3439 2749 3523 ·Tarenti,
2837 3437 3184 3524 (Hunter.)
3268 3443 3337 3510 in
3407 3443 3646 3514 Sicilia

414 3565 595 3628 nos,
636 3566 701 3612 v.
744 3564 804 3632 g.
844 3543 915 3611 iu
960 3545 1166 3613 obviis
1210 3539 1539 3612 drachmis
1565 3544 1986 3626 Achaeorum,
2056 3542 2269 3625 Naxi,
2342 3544 2856 3628 (Torremuzza.)
2913 3553 2978 3623 et
3031 3546 3234 3614 numis
3285 3530 3629 3644 Messanae

380 3667 583 3746 -quae
624 3655 799 3713 cette
830 3646 1087 3734 epocha
1125 3647 1179 3713 Ι.
1220 3648 1611 3736 posteriores
1664 3659 1839 3732 sunt,
1892 3659 1992 3717 est
2055 3645 2370 3734 inscriptis
2455 3645 2705 3720 Zancle.
2850 3648 3050 3718 Exn-a
3132 3647 3248 3718 has
3331 3647 3625 3739 regiones

410 3747 475 3819 F
522 3769 649 3838 pro
706 3747 930 3828 ‘1³‚et
981 3758 1031 3830 φ
1082 3769 1202 3838 pro
1254 3751 1361 3832 K,
1412 3751 1481 3818 in
1533 3751 1744 3820 aeneis
1796 3750 1991 3818 Athe·
2055 3735 2189 3816 vidi
2261 3748 2448 3820 etiam
2517 3751 2585 3815 in
2655 3771 2848 3817 numo
2919 3751 3156 3820 Barces
3219 3751 3622 3837 Cyrenaicae,
3765 3835 3774 3846 ·

411 3850 728 3926 ninnium
768 3849 975 3919 Theta
1014 3850 1383 3940 quadratum
1423 3873 1542 3941 pro
1586 3851 1882 3922 rotundo.
2055 3849 2437 3935 (Pellerin.)
2523 3842 2666 3920 sed
2728 3853 2836 3941 qui
2903 3851 3115 3939 potius
3186 3854 3468 3942 epochae
3537 3857 3621 3928 11.

586 3945 867 4023 Feb-sea
2054 3952 2320 4024 videtur.
2411 3981 2418 3988 ·

592 4056 884 4137 Quorum
941 4076 1271 4123 numorum
1335 4067 1654 4145 argentum
1716 4057 1821 4128 vel
1882 4079 1988 4126 au·
2224 4061 2416 4125 &aas
2449 4066 2741 4142 picturae.
3513 4067 3519 4073 “

406 4158 936 4247 mglobosum
976 4157 1174 4245 magis
1215 4167 1333 4241 est,
1383 4168 1448 4225 et
1491 4159 1986 4246 cassiusculum,
2223 4158 2302 4225 In
2344 4160 2546 4226 numia
2590 4157 3032 4247 antiquissimis
3068 4157 3214 4227 talis
3254 4167 3373 4242 est,
3417 4158 3621 4250 quana

304 4341 317 4348 ‚
406 4259 531 4336 iel
562 4259 853 4335 informis
892 4259 1327 4342 rotunditatis,
1383 4259 1431 4326 ii
1469 4260 1837 4352 plerumque
1874 4264 1987 4331 hu·
2054 4281 2196 4328 esse
2240 4260 2458 4328 debuit
2497 4261 2616 4327 illo
2658 4270 2964 4350 tempore,
3011 4260 3186 4350 quod
3226 4283 3455 4330 numos
3497 4264 3620 4334 hos

395 4367 515 4453 ’μυ
566 4372 717 4434 nunt
764 4363 1068 4452 epochae.
1167 4362 1337 4430 Vide
1388 4384 1617 4434 numos
1668 4364 1986 4455 Pelopon·
2052 4361 2398 4452 parturivit.
2491 4364 2791 4431 Jl'ametsi
2877 4384 3167 4452 magnum
3253 4364 3622 4438 observetur

402 4465 559 4548 nn?
602 4483 747 4542 uum
796 4475 961 4555 typo
1014 4463 1376 4548 testudinis,
1438 4467 1673 4555 Rhegii
1708 4469 1987 4538 Bruttio·
2054 4466 2216 4534 inter
2285 4465 2465 4554 ipsos
2534 4487 2795 4550 numos,
2883 4487 3047 4557 quos
3117 4467 3284 4543 huic
3335 4468 3618 4558 epochae

404 4587 587 4660 num,
646 4566 1116 4658 antiquissimos
1176 4568 1443 4648 Atticos.
1525 4617 1549 4634 .-
1570 4570 1757 4657 Ergo
1812 4569 1989 4661 quod
2054 4561 2414 4650 tribuimus,
2488 4567 2856 4654 discrimen,
2923 4569 3061 4640 aliis
3123 4573 3428 4662 picturam
3487 4571 3621 4642 fere
