4450 5542
724 547 854 600 ενι
1264 511 1333 578 -3
1634 495 2388 597 PROLEGOMENA
2457 505 3026 596 GENER‘ALJA.

656 679 669 686 ”
727 686 1019 775 legoriis‚
1106 675 1541 780 symbolisqjie
1591 683 1735 773 plns
1784 683 2108 753 indulsere
2162 687 2292 756 Ro.-
2363 684 2560 753 fuisse
2597 662 2978 778 imperata,
3020 684 3138 764 sed
3202 682 3536 752 verisimile
3596 684 3842 772 potius,
3910 706 3952 750 a

729 790 927 872 mani,
1000 807 1181 877 quam
1239 788 1497 868 Graeci,
1572 789 1691 876 qui
1740 793 2039 876 majorem
2106 798 2296 879 typo·
2368 789 2719 856 monetario
2773 788 2969 856 fuisse
3022 780 3295 871 inserta,
3349 789 3486 856 sive
3538 796 3611 854 ut
3662 785 3954 875 leporem

728 915 864 961 rum
917 898 1152 981 partem
1176 917 1181 922 ’
1208 912 1291 958 ex
1347 890 1744 977 mythologia
1766 939 1784 973 ,
1856 887 1920 958 et
1970 892 2295 980 religionis
2371 892 2578 986 operix
2621 891 3006 982 gratiamque
3073 889 3366 975 adderet,
3435 890 3576 968 sive
3645 897 3726 957 ut
3785 910 3948 978 opus

733 983 933 1064 causis
984 992 1263 1062 hausere.
1350 995 1453 1060 De
1504 994 1675 1081 typis
1721 992 2113 1064 coloniarum
2156 1018 2336 1084 age·
2373 1017 2552 1068 suum
2606 994 3090 1072 discrimina-et,
3147 994 3235 1061 ob
3290 1014 3474 1081 quam
3527 993 3948 1081 posteriorem

731 1109 833 1167 tur
872 1101 936 1164 in
974 1087 1242 1163 tractatu
1285 1095 1367 1163 de
1408 1096 1628 1163 harum
1670 1098 1892 1164 numis.
2376 1119 2626 1166 causam
2675 1097 2978 1166 credibile
3022 1101 3277 1186 quoque
3318 1099 3432 1163 est'
3456 1084 3709 1162 inventa
3732 1094 3948 1163 tuisse

901 1198 1083 1266 Haec
1123 1198 1206 1266 de
1249 1200 1420 1288 typis
1462 1209 1753 1267 monetae
1801 1199 2032 1300 veteris
2085 1200 2155 1266 in
2194 1222 2299 1288 ge
2373 1211 2940 1287 monogrammata,
3016 1210 3080 1267 et
3141 1198 3333 1286 siglas
3395 1199 3464 1266 in
3527 1193 3824 1266 moneta?
3843 1193 3948 1266 v'e·

686 1324 883 1370 'nere
934 1301 1102 1369 dicta
1153 1300 1493 1384 sufficiant3
1548 1323 1690 1369 nam
1746 1295 1966 1370 causas
2020 1296 2301 1390 singulo‘-
2371 1313 2508 1373 tere
2578 1305 2822 1372 obvias
2951 1305 3053 1370 En
3099 1303 3252 1388 ejus
3317 1302 3586 1421 aliquot·
3637 1299 3948 1389 exempla.

660 1455 675 1462 -
728 1427 865 1474 rum
938 1403 1357 1493 populorum,
1429 1426 1794 1492 regnorum,
1863 1407 2299 1496 imperiorum,
2370 1407 2568 1478 Noti·
2597 1416 2743 1474 sunt
2804 1408 3346 1490 Syracusanorum
3417 1405 3590 1470 numi
3656 1401 3948 1471 didrach-

731 1504 1087 1597 temporum
1141 1509 1416 1598 privatas
1473 1503 1797 1577 distabunt
1849 1530 2033 1594 usus,
2088 1521 2151 1579 et
2195 1514 2303 1600 qui
2370 1511 2484 1598 mi,
2551 1511 2660 1599 qui
2715 1519 2841 1591 una
2892 1519 3074 1597 parte
3136 1515 3323 1595 caput
3375 1504 3688 1585 Palladis,
3753 1503 3952 1571 altera

730 1620 1068 1699 sequentur
1113 1611 1560 1680 commentarii.
2371 1615 2677 1702 Pegasum
2737 1612 3057 1708 exhibent.
3171 1610 3355 1679 Pone
3417 1618 3628 1698 caput
3665 1606 3950 1675 Palladis

900 1711 1157 1783 Praeter
1220 1737 1548 1784 numorum
1609 1723 1857 1803 typos,
1916 1713 1999 1789 de
2072 1713 2302 1803 quibus
2371 1718 2587 1785 miram
2652 1716 2870 1784 videas
2944 1712 3296 1801 sigillorum
3367 1713 3760 1794 varietatem,
3849 1729 3946 1776 ar·

729 1812 1029 1884 hactenus
1099 1818 1373 1906 egimus,
1461 1816 1844 1910 observandi
1914 1816 2122 1885 adhuc
2190 1818 2301 1883 mi·
2371 1842 2545 1902 cum,
2617 1819 3005 1908 pharetram,
3077 1814 3428 1904 tripodem,
3512 1813 3946 1901 gallinaceum,
3993 1865 4018 1906 4

731 1938 922 1986 nores
993 1918 1145 2002 alii,
1235 1922 1381 2009 qui
1401 1905 1593 2006 juxta
1660 1932 1884 2010 typum
1954 1922 2303 2010 principem
2370 1921 2740 2004 strobiluni,
2798 1920 3221 2002 Chimaeram,
3278 1916 3682 2000 balaustium,
3744 1912 3947 1982 infini-

728 2020 908 2087 nullo
953 2043 1094 2090 cum
1135 2023 1263 2091 hoc
1304 2047 1502 2107 nexu,
1556 2035 1851 2114 tanquam
1910 2025 2119 2113 sigilla
2159 2046 2344 2114 par·
2367 2036 2435 2093 ta
2477 2025 2621 2092 alia.
2689 2027 2766 2092 In
2811 2023 2959 2090 solo
3003 2013 3221 2089 museo
3270 2023 3581 2089 Caesareo
3626 2018 3760 2087 fere
3802 2039 3947 2086 cen·

729 2143 909 2212 erga,
954 2129 1161 2193 aream
1195 2138 1533 2215 occupant.
1605 2129 1682 2195 In
1724 2140 1853 2196 tres
1897 2129 2019 2196 hos
2064 2128 2301 2195 classes
2367 2138 2499 2196 tum
2565 2138 2713 2196 sunt
2774 2128 2962 2215 hujus
3027 2119 3312 2212 generis,
3386 2125 3493 2214 qui
3553 2123 3683 2191 hoc
3747 2121 3947 2193 modo

729 2226 1097 2296 dividimusz'
1184 2229 1237 2299 I.
1292 2232 1361 2297 in
1418 2233 1601 2320 signa
1650 2233 1896 2300 urbium
1960 2231 2300 2314 diam-itica,
2367 2232 2624 2299 variant.
2734 2233 2962 2319 Typus
3017 2231 3312 2318 princeps
3365 2227 3434 2295 in
3486 2250 3707 2296 aversa
3747 2235 3946 2294 tetra·

728 2329 809 2396 Π.
837 2333 906 2396 in
947 2334 1127 2419 signa
1168 2333 1654 2407 monetariorum
1700 2336 2044 2419 arbitraria,
2090 2336 2203 2403 111.
2234 2335 2301 2400 in
2373 2333 2812 2401 drachmorum
2866 2333 3256 2400 Atticorum,
3282 2342 3381 2398 est
3443 2341 3680 2399 noctua
3732 2328 3949 2396 diotae

730 2433 928 2519 signa,
973 2454 1134 2521 quae
1174 2435 1366 2523 vnlgo
1409 2445 1619 2506 ineu-m
1661 2438 1965 2504 dicuntur.
2371 2439 2699 2520 insistens,
2757 2445 2832 2504 at.
2862 2439 3052 2521 juxta
3099 2435 3412 2523 gryphus,
3471 2444 3684 2530 caput*
3711 2430 3944 2500 Medu-

902 2535 954 2605 1.
1038 2539 1234 2619 Signa
1295 2541 1528 2606 urbium
1577 2544 1898 2608 discr-dica.
1986 2536 2305 2604 Habuisse
2374 2562 2513 2622 sae,
2567 2550 2696 2607 tres
2749 2539 3052 2623 virgines,
3115 2535 3453 2620 caduceus,
3514 2557 3765 2617 cervus,
3819 2532 3950 2602 elc-
4057 2603 4068 2608 ,

733 2636 1090 2727 complures
1163 2641 1353 2708 urbes
1424 2651 1632 2710 certos
1705 2640 2015 2730 quosdam
2083 2650 2302 2729 typos,
2372 2642 2564 2730 phas,
2636 2640 2936 2712 Victoria,
2981 2639 3048 2706 in
3110 2639 3274 2728 bigis
3340 2649 3461 2709 etc.
3557 2637 3747 2724 ,Vide
3811 2638 3948 2703 ico·

731 2739 979 2829 sibique
1020 2739 1179 2810 unis-
1205 2744 1537 2832 proprios,
1595 2743 1750 2812 alias
1810 2744 2099 2812 diximus.
2188 2746 2303 2811 Se-
2372 2747 2614 2811 nismos
2699 2743 3032 2826 Gessneri,
3121 2752 3186 2810 et
3270 2743 3470 2810 musei
3546 2741 3945 2810 Hunteriani.

584 2893 599 2904 ,
733 2840 1014 2913 Ῑίιιιιιιιίίε
1055 2843 1309 2914 Siciliae
1350 2848 1644 2938 proprius
1687 2857 1879 2936 typus
1923 2848 2043 2918 fuit
2082 2847 2304 2915 folium
2374 2848 2497 2915 His
2572 2850 2771 2934 junge
2858 2866 3085 2915 aureos
3154 2845 3439 2934 Philippi
3503 2845 3621 2928 IL,
3685 2842 3949 2930 filiique
4028 2855 4048 2868 ““

732 2967 889 3036 opu,
977 2946 1298 3038 Sidetibus
1384 2941 1616 3019 malum
1686 2952 2019 3033 Punicum,
2108 2953 2303 3034 Cyre·
2371 2948 2723 3016 Alexandri
2785 2949 2924 3030 Μ.,
2984 2960 3114 3015 ιιιιιι
3177 2947 3365 3032 hujus
3425 2894 3944 3028 tetradrachmos',

730 3052 921 3120 naeis
948 3017 1266 3138 silphium,
1310 3053 1578 3128 Boeotis
1624 3054 1886 3140 clypeus
1930 3061 2135 3118 certae
2173 3052 2302 3118 for·
2369 3051 2518 3117 item
2606 3049 2933 3117 drachmas
3020 3050 3662 3134 Dyrrhachenorum‚
3750 3046 3944 3115 alios·
3959 3091 3965 3096 -

672 3184 690 3192 ’
730 3175 901 3233 mae,
967 3153 1448 3242 Neapolitanis
1442 3155 1882 3223 Samaritidos
1936 3177 2120 3231 mons
2175 3156 2300 3222 Ga·
2370 3175 2493 3243 que
2575 3131 2880 3242 aliarum
2922 3153 3168 3220 urbium
3251 3175 3496 3219 numos.
3623 3149 3946 3236 Insignem

730 3256 938 3338 rizim,
1012 3255 1455 3349 Lampsacenis
1521 3259 1780 3343 Mysiae
1852 3279 2049 3347 equus
2120 3259 2300 3335 mari·
2368 3266 2691 3346 praeterea
2783 3223 3157 3322 varietatem
3241 3254 3566 3340 objiciunt
3662 3241 3943 3320 diversa-

730 3380 848 3426 nus
902 3357 1132 3440 alanis,
1201 3362 1467 3428 Gazaeis
1521 3361 1727 3429 lineae
1770 3362 2097 3430 bissectae.
2210 3361 2303 3447 At
2367 3382 2504 3426 rum
2629 3357 2999 3426 familiarum
3116 3357 3544 3425 Romanarum
3631 3355 3942 3435 denarii,

732 3461 788 3527 si
830 3459 996 3528 forte
1038 3461 1298 3550 placuit,
1358 3462 1520 3529 alios
1576 3466 1656 3532 ab
1715 3466 1815 3531 his
1858 3475 2053 3551 typos
2093 3464 2302 3531 numis
2367 3460 2736 3551 praecipue,
2786 3460 3048 3549 Papiae,
3136 3461 3442 3545 Rosciae,
3533 3457 3940 3549 Calpurniae,

730 3562 995 3649 inferre,
1047 3575 1181 3632 non
1235 3564 1398 3633 adeo
1450 3565 1808 3654 adspernati
1853 3575 1998 3633 sunt
2038 3564 2297 3633 familia·
2365 3564 2780 3645 variantibus,
2868 3575 2934 3630 et
2992 3564 3060 3629 in
3124 3574 3387 3652 utraque
3450 3564 3705 3652 quidem
3766 3561 3944 3631 numi

608 3743 615 3750 ,
730 3689 835 3735 res
890 3688 1043 3734 suos
1096 3677 1437 3757 suetosque
1472 3679 1698 3757 typos,
1754 3677 1824 3736 ut
1872 3689 2006 3734 non
2062 3690 2176 3735 eos
2231 3670 2300 3737 in
2365 3676 2544 3758 parte
2557 3687 2594 3752 ,‘
2653 3664 2910 3752 sigillis,
2987 3687 3250 3753 quorum
3315 3664 3623 3734 infinitam
3690 3665 3940 3754 copiam

730 3770 1126 3839 minutiorem
1208 3770 1465 3839 modum
1556 3769 1848 3839 redactos
1951 3769 2297 3838 adventitio
2368 3771 2606 3839 dabunt
2657 3769 2774 3837 tibi
2826 3768 3259 3857 locupletiora*
3297 3791 3543 3851 musea,
3598 3779 3663 3836 et
3713 3768 3769 3834 si
3819 3767 3938 3838 ho·

662 3907 677 3924 τ
730 3885 889 3966 typo
955 3874 1380 3944 adstituerent.
1511 3874 1817 3963 Copiosa
1854 3873 2143 3991 exempla
2204 3875 2298 3939 in·
2366 3895 2504 3941 rum
2573 3893 2709 3938 non
2771 3878 2951 3958 patet
3018 3870 3258 3952 aditus,
3341 3872 3562 3938 icones
3630 3869 3938 3939 Mcrellii.

641 4035 651 4040 -
730 3980 932 4068 specti
1000 3980 1203 4063 numi,
1292 3989 1399 4047 ant
1448 3978 1675 4096 horum
1727 3976 2016 4044 iconismi
2070 3998 2298 4066 suppe·
2367 3975 2511 4043 Hae
2594 3974 2976 4041 infinitarum
3057 3995 3263 4042 rerum
3335 3975 3646 4061 imagines
3716 3995 3936 4057 numo·

733 4080 1035 4158 ditabunt.
2364 4101 2504 4147 rum
2555 4100 2763 4148 aream
2817 4095 2951 4144 non
3006 4087 3326 4162 onerant,
3373 4077 3500 4154 sed
3541 4085 3770 4150 ornant
3819 4097 3937 4166 po·
4053 4108 4078 4130 ··

932 4185 1014 4252 11.
1138 4188 1334 4269 Signa
1415 4190 1870 4253 moneto-imm
1950 4183 2297 4249 &hiim-ta.
2365 4182 2518 4259 tius,
2594 4192 2660 4250 et
2725 4182 3214 4251 monetariorum
3285 4181 3727 4249 commendant
3793 4182 3936 4248 arti-
3993 4253 4000 4258 ,
4067 4199 4074 4204 ·

734 4284 845 4350 Sic
890 4285 1145 4373 appello
1197 4288 1425 4373 exigua
1474 4288 1719 4383 sigilla,
1782 4296 1971 4376 quae*
1994 4284 2063 4351 in
2114 4285 2298 4352 unius
2363 4285 2589 4378 ficium.
2704 4283 2904 4369 Nam,
2974 4285 3031 4351 si
3087 4284 3562 4382 Atheniensium
3620 4293 3938 4352 monetam
4037 4287 4052 4372 ]

734 4384 1135 4474 q‘usdemque
1184 4388 1361 4455 urbis
1412 4398 1521 4456 aut
1560 4410 1874 4478 personae
1915 4389 2119 4454 numis
2162 4397 2297 4460 tan-
2364 4388 2612 4470 demas,
2687 4388 2870 4474 signa
2927 4387 3120 4472 haec,
3194 4397 3334 4456 utut
3387 4392 3706 4484 ,contracti
3757 4389 3933 4458 volu·
4022 4383 4030 4389 ’

731 4498 801 4557 ιι
878 4490 1174 4558 varietate
1255 4498 1417 4579 typo
1501 4493 1773 4583 principi
1848 4490 2292 4586 adstituuntnr,
2359 4493 2576 4576 minis,-
2645 4499 2817 4574 tanta
2881 4490 3190 4579 elegantia
3254 4512 3328 4558 ac
3387 4492 3650 4562 veritate
3715 4492 3934 4562 elabo-

544 4601 559 4608 “
638 4677 657 4686 ρ
730 4599 802 4659 ut
867 4591 1201 4661 verisimile
1271 4605 1402 4661 non
1471 4594 1586 4678 sit,
1658 4594 1771 4666 illa
1832 4616 1873 4663 a
1931 4597 2293 4684 magistratu
2339 4601 2496 4665 'rata
2565 4604 2742 4679 sunt,
2814 4604 2885 4662 ιιι
2956 4594 3258 4674 artificum
3326 4596 3680 4681 scientiam,
3755 4617 3994 4690 9120.
