4450 5542
1418 443 1425 450 ¹
1555 461 2104 575 ‘CAPvT
2189 447 2417 574 x'xn:
2717 591 2728 602 „
2865 559 2880 566 ,
3241 563 3248 572 .
3451 519 3706 574 cm·-

404 660 489 728 ab
571 657 1009 746 ingruentibus
1099 658 1378 750 undique
1449 661 1731 732 barbaris
1748 711 1769 746 ‚
1856 667 1981 736 mis
2047 672 2143 728 est
2151 693 2176 744 ·‚
2265 663 2548 744 civitates
2629 659 2871 752 multis,
2958 661 3400 754 gravibusque,
3453 661 3615 730 cala·

406 781 545 831 cum
592 762 992 829 humanitatis
1056 784 1248 830 sensu
1304 763 1662 854 'liberalium
1726 785 1997 853 quoque,
2046 765 2363 836 unitatibus
2451 765 2757 832 exercitas
2807 763 3166 852 paullatim
3236 764 3506 833 animum
3576 788 3617 834 ι

406 866 631 966 artium
704 867 982 934 amorem
1054 861 1378 936 exuerunt.
1508 865 1695 936 Adeo
1770 887 1986 936 verum
2051 887 2294 934 morum
2313 914 2333 949 ,
2387 867 2731 958 artiumque
2783 867 3025 938 cultura
3078 887 3361 936 avocare.

1296 1013 2135 1256 y-cAP'VT
2271 1090 2577 1216 xxn.

870 1273 1918 1371 -Bi‘bliotheca
2018 1297 3102 1396 numia-matiam

386 1431 804 1557 Catalogum
872 1477 1239 1549 auctorum,
1329 1469 1439 1558 qui
1494 1465 1615 1535 de
1626 1490 1698 1535 re
1749 1467 1982 1535 numis-
2051 1468 2359 1538 cessarius
2415 1437 2512 1535 est
2565 1467 2650 1536 ad
2701 1491 2834 1542 rem
2898 1468 3387 1537 numismaticam
3447 1489 3615 1548 usus,

394 1573 630 1642 natica
702 1571 1042 1661 scripsere,
1117 1568 1358 1658 pridem
1420 1569 1681 1640 edidere
1743 1570 1979 1659 Philip·
2047 1579 2153 1637 aut
2215 1593 2378 1659 quae
2440 1582 2703 1688 propter
2766 1573 2969 1639 varias
3034 1594 3253 1640 causas
3312 1572 3619 1672 ignorare
3658 1623 3663 1628 .

395 1697 523 1766 pus
602 1672 867 1755 labbe,
955 1671 1335 1759 Rudolphus
1412 1673 1737 1763 capellus,
1821 1671 2019 1740 Βιιι-
2047 1673 2159 1741 vix
2194 1666 2392 1740 licet.
2447 1673 2523 1741 In
2565 1673 2673 1756 iis,
2730 1669 2890 1766 quae
2918 1677 3053 1761 jam
3095 1676 3408 1744 recensuit
3449 1675 3616 1746 Ban-

397 1776 683 1845 ehardus
738 1774 1044 1842 stravius.
1131 1774 1280 1842 Hos
1334 1775 1586 1845 secutus
1640 1767 2019 1844 Anselmus
2049 1775 2297 1858 durius,
2384 1773 2664 1843 breviori
2737 1797 2878 1844 esse
2953 1774 3202 1861 licebit,
3289 1777 3434 1866 quia
3482 1780 3618 1862 jam
3683 1809 3692 1818 ·

392 1878 765 1948 Baudurius
830 1876 1213 1966 praeclaram
1279 1899 1455 1944 suam
1514 1876 1979 1946 Bibliothecam
2047 1879 2145 1946 ab
2192 1879 2322 1947 hoc
2391 1877 2703 1976 judicium
2765 1880 3196 1969 incorruptum
3259 1878 3377 1946 fuit
3437 1899 3617 1967 pera·

300 2067 307 2076 ,
394 1981 749 2052 numeriam
801 1978 1080 2068 scripsit,
1137 1979 1220 2046 de
1273 1985 1453 2067 cujus
1509 1982 1744 2048 meritis
1764 2001 1980 2068 agam
2047 1991 2234 2064 ctum,
2283 1989 2348 2047 ct
2388 1980 2529 2068 ipse
2571 1968 2759 2048 facile
2799 1976 3014 2071 potest
3055 1980 3232 2048 adiri.
3313 1982 3617 2065 Omitten-

390 2084 563 2154 infira
614 2084 684 2150 in
736 2081 924 2170 huJus
980 2082 1300 2171 operibus,
1408 2082 1804 2166 Postremus,
1872 2082 1980 2171 qui
2044 2093 2146 2151 tur
2189 2085 2376 2156 etiam
2417 2084 2546 2149 hoc
2588 2084 2792 2173 capite
2835 2093 3155 2167 auctores,
3214 2084 3321 2173 qui
3349 2082 3453 2151 de
3488 2085 3612 2152 sin-

395 2189 470 2256 in
536 2185 772 2254 eodem
845 2194 1214 2273 argumento
1287 2193 1569 2251 versatus
1642 2195 1778 2267 est,
1862 2181 1980 2252 fuit
2046 2186 2328 2275 gularum
2412 2195 2652 2254 tantum
2737 2187 2984 2254 urbium
3072 2195 3180 2254 aut
3263 2187 3618 2276 principum
3721 2237 3726 2244 .
3837 2237 3846 2246 .

400 2289 800 2362 Christianus
854 2287 1092 2354 Hirsoh
1150 2287 1325 2354 edito
1381 2308 1609 2374 opere,
1684 2287 1786 2354 cui
1836 2288 1978 2355 titu-
2046 2290 2249 2358 numis
2302 2289 2644 2378 scripsere,
2718 2291 2824 2357 ιἰιι
2877 2310 3067 2356 unum
3117 2280 3391 2374 tantum,
3466 2289 3613 2358 alte-
3657 2309 3674 2326 ·

394 2385 537 2461 lus:
625 2392 1021 2474 Bibliotheca
1032 2396 1440 2458 numaematioa
1494 2391 1771 2457 exhibens
1814 2402 1977 2468 eata·
2045 2413 2261 2460 rumve
2313 2413 2566 2459 numum
2621 2390 2745 2459 sibi
2788 2390 3229 2488 explicandum
3273 2413 3622 2479 sumpsere,
3719 2405 3736 2418 ⁸

258 2579 267 2592 '
402 2501 621 2582 leg-un
654 2497 985 2578 Moruni,
1027 2500 1132 2579 qui
1165 2498 1242 2560 de
1280 2515 1353 2560 re
1388 2499 1732 2573 mondcm'a,
1777 2506 1834 2561 et
1871 2518 1982 2561 nu·
2050 2515 2316 2584 quorum
2368 2495 2751 2562 mentionem
2802 2494 2884 2561 ad
2936 2517 3080 2562 eum
3129 2493 3343 2562 locum
3385 2483 3615 2561 differi-

403 2606 521 2667 m‘s
580 2609 711 2665 tam
772 2601 1058 2691 autt'qu,
1121 2617 1300 2681 quam
1358 2598 1775 2666 recentioribus
1832 2603 1978 2663 εσυ-ἰ·
2046 2620 2217 2681 mus,
2274 2618 2402 2685 quo
2461 2599 2805 2666 earundem
2851 2596 3131 2678 urbium,
3190 2598 3618 2686 principumve

394 2721 601 2786 me.
690 2699 1250 2783 Norimbergae·17
1253 2701 1355 2768 60.
1394 2703 1460 2763 in
1478 2697 1662 2780 solio.
2046 2697 2364 2770 monetam
2406 2699 2915 2784 examinabimus.

584 2801 818 2870 Nobis·
842 2822 987 2868 cum
1024 2799 1195 2866 idem
1237 2808 1663 2885 argumentum
1703 2799 1769 2867 in
1800 2820 2003 2888 prae·
2218 2803 2470 2870 Initium
2556 2801 2856 2870 ducemus
2937 2823 2978 2868 a
3046 2799 3410 2890 famigerato
3484 2802 3619 2870 Hu·
3637 2820 3648 2834 '
3715 2881 3723 2894 ⁴

406 2905 607 2976 sentis
662 2904 877 2993 operis
928 2904 1215 2970 instituto
1265 2891 1654 2970 tractandum
1719 2903 1979 2968 omnino
2047 2903 2252 2978 berto
2309 2903 2599 2987 Goltzio,
2689 2906 2835 2992 quia
2905 2924 3124 2970 eorum
3197 2926 3422 2993 opera,
3512 2905 3620 2992 qui

386 3008 762 3089 videretur,
852 3025 985 3073 non
1070 3014 1305 3072 tamen
1364 2988 1585 3071 eadem
1658 3002 1981 3094 sequenda
2046 3005 2214 3072 hunc
2266 3026 2694 3095 praecessere,
2762 3006 2882 3074 etsi
2935 3025 3227 3094 magnum
3282 3027 3441 3074 aevo
3496 3027 3616 3074 suo
3669 3006 3676 3010 ’

398 3110 580 3185 satio
649 3109 843 3190 νὶσι,
886 3127 1028 3174 cum
1099 3106 1182 3174 ad
1255 3129 1503 3180 causam
1574 3128 1774 3174 meam
1845 3127 1979 3174 non
2042 3107 2380 3175 habuerint
2446 3129 2707 3188 nomen,
2796 3129 2966 3175 nunc
3036 3108 3168 3175 fere
3240 3097 3480 3177 tantum
3548 3109 3619 3177 in

400 3221 623 3304 putem
670 3208 1019 3301 pertinere,
1092 3199 1247 3304 nisi’
1265 3230 1461 3288 nosse
1500 3229 1745 3297 opera,
1817 3230 1979 3296 quae
2044 3207 2304 3277 eruditis
2369 3211 2630 3277 cimeliis
2695 3179 3007 3298 putantur.
3138 3213 3267 3279 Cur
3329 3213 3397 3279 in
3447 3211 3618 3298 judi·

400 3316 493 3386 ad
581 3315 736 3383 artis
824 3321 1080 3379 nostrae
1164 3311 1639 3399 intelligentiam
1707 3320 1981 3400 possunt
2045 3310 2253 3379 cando
2311 3313 2571 3381 Goltzio
2624 3313 2920 3382 fuerimus
2972 3312 3330 3397 uberiores,
3393 3309 3621 3384 causae

400 3418 749 3510 prodesse.
811 3415 973 3495 Quis
1011 3409 1177 3482 enim
1222 3435 1356 3481 non
1394 3411 1589 3495 videt,
1634 3422 1705 3480 ut
1731 3414 1797 3481 in
1827 3436 1977 3503 qua-
2045 3436 2168 3494 nos
2208 3435 2433 3503 graves
2475 3415 2814 3504 impulere,
2859 3426 2930 3484 ut
2967 3418 3227 3506 patebit.

398 3522 511 3590 vis
562 3519 687 3587 alia
728 3518 1020 3602 scienna,
1081 3518 1174 3585 sic
1227 3519 1413 3584 etiam
1468 3517 1537 3583 in
1588 3516 1735 3606 hac..
1760 3519 1982 3585 no'stra
2655 3563 2664 3574 -

400 3623 635 3693 mult„
711 3632 963 3690 exstare
1031 3620 1528 3712 lucubrationes,
1619 3642 1775 3709 quas
1841 3621 1979 3689 sine
2218 3587 2272 3653 Ι.
2360 3590 2434 3653 H
2445 3589 2558 3654 VB
2573 3589 2892 3658 ERTVS
2943 3592 3137 3658 ΘΟΕ
3151 3591 3266 3657 TZ
3277 3593 3319 3658 I
3327 3593 3448 3659 VS.

402 3727 561 3798 artis
614 3718 1008 3826 detrimento
1044 3744 1378 3811 possumus
1431 3724 1755 3809 ignorare,
1845 3721 1981 3792 sive
2218 3702 2375 3808 Ejus
2458 3741 2720 3812 operum
2787 3736 3108 3814 postrema
3179 3705 3374 3794 editio
3451 3725 3621 3796 hunc

409 3828 595 3919 quod
646 3829 716 3896 in
756 3827 1056 3904 scientiae
1097 3822 1355 3894 nostrae
1395 3826 1787 3894 incunabulis
1832 3827 2009 3893 scri-·
2046 3823 2322 3915 praefert
2374 3826 2649 3894 titulum:

400 3943 559 4024 ptae
612 3930 949 4000 erroribus.
986 3938 1267 4009 scatent,
1320 3927 1591 4018 malique
1644 3938 1790 3997 sunt
1840 3929 1981 3995 viae
2219 3929 2480 4026 Habet-ti
2532 3933 2754 3996 Goltze‘i
2809 3934 2884 3997 ds
2943 3953 3014 3997 re
3077 3929 3414 3996 mmm-:u
3467 3935 3618 3996 anti-

400 4035 665 4117 dum,
670 4034 832 4124 ‚sive
887 4030 1061 4121 quod
1115 4053 1303 4122 saepe
1347 4034 1671 4098 continent
1712 4053 1815 4099 res
1846 4035 1980 4117 jam
2046 4051 2168 4116 qua
2237 4055 2421 4115 opera
2486 4055 2639 4119 quae
2708 4042 2943 4099 exstem
3011 4037 3291 4100 umber-sa
3370 4053 3623 4119 qumque
3759 4049 3792 4058 -

398 4137 495 4210 ab
525 4137 729 4212 aliis‚·
764 4145 830 4204 et
870 4155 1005 4203 non
1046 4156 1192 4202 raro
1251 4133 1472 4201 melius
1516 4133 1753 4202 dictas?
1840 4135 2019 4202 Hae
2048 4135 2435 4200 volumumus
2499 4134 2932 4219 compreltma.
3020 4136 3385 4227 Amwpassao
3430 4139 3616 4208 1708

314 4315 329 4328 ,
402 4253 485 4314 ιιι
532 4237 775 4312 omitti
794 4258 928 4305 non
970 4245 1239 4348 possunt
1278 4259 1318 4303 a
1354 4236 1779 4314 bibliothecae
1830 4238 1980 4303 scri·
2046 4234 2116 4302 in
2154 4223 2340 4301 solio.
3621 4253 3638 4260 -

308 4367 317 4378 ·
402 4343 741 4465 ptoribus,
795 4341 891 4410 sic
944 4361 980 4408 a
1020 4355 1121 4408 me
1150 4342 1297 4425 j'ure
1338 4339 1681 4426 praeteriri.
1772 4341 1984 4446 Quare
2223 4337 2379 4404 Οιιιιι
2452 4344 2599 4403 ante
2667 4334 2910 4424 aliquot
2977 4358 3180 4405 annos
3251 4295 3620 4428 opusculum

404 4449 477 4515 in
554 4443 885 4533 catalogo,
973 4463 1157 4532 quem
1220 4464 1437 4509 coram
1501 4440 1820 4527 dabimus,
1907 4465 1985 4510 es
2049 4439 2337 4521 ederem,
2405 4438 2510 4506 cui
2575 4437 2822 4507 titulus·
2910 4442 3250 4528 Descriptio
3311 4463 3622 4510 mmmm

398 4549 621 4624 solum
678 4546 1023 4636 prodemus
1080 4567 1278 4636 opera
1291 4593 1311 4630 ,
1397 4565 1662 4635 quorum
1718 4554 1825 4613 aut
1874 4563 1982 4616 ne·
2048 4546 2392 4630 Antemnae
2477 4545 2737 4628 Syriae,
2866 4551 2991 4615 eive
3088 4545 3377 4632 specimen
3470 4549 3622 4612 m

1710 4875 1751 4898 '-
