4450 5542
840 485 1029 547 nm
1746 418 2497 547 PROLEGOMENA
2561 455 3178 580 esni-:nasus

1294 629 1431 727 §59
1517 629 1979 702 Mennim.
2124 688 2135 694 .
2475 623 4057 725 JusetvctusetnovutypusMass'ffieusi

1022 734 1314 802 Seu-atos
1374 751 1603 800 numos
1669 755 1970 804 vocamus
2038 755 2189 818 eos,
2264 751 2419 822 quo-
2488 744 2782 816 monetae
2821 736 3120 824 proprius
3174 747 3288 804 est.
3372 738 3479 805 An
3522 757 3726 808 novus
3749 736 3864 805 „sic
3899 739 4058 807 abo·

850 857 990 907 rum
1054 857 1171 904 ora
1236 834 1471 903 extima
1523 836 1593 903 in
1642 851 1856 904 serrae
1912 836 2172 908 modum
2223 837 2424 905 incisa
2490 835 2608 904 lito
2691 847 2960 906 vetere
2992 840 3196 906 numia
3237 835 3252 844 “
3284 840 3599 928 quaesitus
3671 839 3893 907 valor?
3975 833 4061 908 an

861 949 975 1008 est.
1055 939 1321 1027 Copiosi
1361 948 1508 1006 sunt
1548 939 1807 1023 denarii,
1855 961 2018 1027 quos
2054 939 2426 1006 familiarum
2494 937 2707 1005 aliud?
2824 940 3105 1008 Tametsi
3171 943 3242 1008 in
3313 944 3636 1010 nonnullis
3705 940 4076 1012 evidentem
4215 1001 4222 1010 .
4271 981 4320 1002 --

861 1043 1287 1114 Romanarum
1339 1041 1633 1126 dicimus,
1688 1051 1752 1109 et
1805 1045 1913 1133 qui
1960 1051 2167 1111 stante
2218 1042 2428 1112 adhuc
2495 1043 2629 1127 ejus
2689 1038 2839 1108 facti
2903 1061 3157 1110 causam
3223 1053 3522 1112 tenemus.
3648 1044 3789 1111 Jam
3860 1045 4064 1133 capite

858 1163 989 1233 rep.
1032 1141 1260 1233 signati
1304 1154 1479 1227 sunt,
1539 1165 1805 1234 quorum
1861 1156 2098 1213 serrata
2144 1154 2253 1213 est
2294 1169 2426 1214 ora.
2493 1141 2909 1231 praecedente
2977 1146 3189 1213 obiter
3263 1146 3435 1230 dixi,
3519 1146 3976 1234 Regalianum
3997 1156 4064 1214 α

856 1248 1021 1316 Sunt
1071 1248 1257 1315 ctiam
1312 1247 1533 1314 serrati
1608 1248 1780 1316 numi
1834 1267 1968 1315 non
2023 1247 2238 1337 pauci,
2311 1248 2428 1317 sed
2495 1245 2918 1328 Dryantillam
3007 1247 3091 1315 ad
3178 1196 3522 1338 signandos
3607 1271 3835 1317 numos
3909 1270 4066 1317 suos

856 1350 1065 1432 aenei,
1138 1349 1588 1420 nonnullorum
1656 1350 1881 1433 Syriae
1943 1372 2177 1464 regum.
2295 1352 2429 1421 Sed
2493 1348 3002 1436 praecedentium
3068 1352 3511 1440 imperatorum
3581 1351 3868 1440 denariis
3916 1351 4063 1419 fiiis-

857 1451 941 1519 de
980 1453 1108 1518 hoc
1158 1473 1487 1521 numerum
1544 1472 1776 1539 genere
1828 1473 2082 1540 agemus
2138 1476 2226 1522 ex
2276 1476 2464 1545 pro·
2451 1471 2567 1517 se
2608 1472 2780 1518 usos.
2867 1441 3032 1520 Vide
3084 1475 3201 1520 eos
3261 1453 3560 1522 adcurate
3601 1435 3956 1543 descriptos
3993 1455 4067 1521 in

856 1555 1111 1643 posito,
1165 1562 1230 1622 et
1285 1555 1536 1643 quidem
1591 1557 1856 1643 copiose
1908 1558 1975 1623 in
2028 1557 2426 1646 prolegome·
2494 1552 2723 1620 horum
2771 1563 3184 1638 tyrannorum
3237 1547 3511 1625 moneta.
3622 1557 3933 1646 Nimirum
3965 1554 4072 1626 ad

724 1741 725 1748 ἵ
859 1659 959 1726 nis
1002 1658 1086 1726 ad
1127 1679 1351 1727 numos
1392 1657 1762 1727 familiarum
1802 1680 1941 1747 cap.
1969 1657 2149 1729 XVI.
2355 1715 2362 1722 ,
2494 1653 2611 1723 has
2667 1656 2925 1743 injurias
2978 1657 3230 1726 ventum
3297 1651 3430 1742 est,
3517 1679 3660 1726 cum
3721 1668 4066 1748 properato

1940 1837 1950 1851 ·
2059 1775 2067 1788 ’
2498 1779 2660 1849 opus
2715 1758 2862 1842 fuit,
2937 1770 3003 1827 et
3052 1761 3349 1828 intererat
3414 1781 3550 1827 non
3604 1760 3839 1832 differri
3889 1782 4068 1851 prae·

1314 1833 1359 1911 5*
1390 1835 1449 1900 6·
1534 1832 1722 1900 Μ
1756 1852 1966 1900 m·
2497 1863 2751 1929 conium
2803 1865 3081 1952 supremi
3125 1864 3543 1952 principatus,
3599 1884 3806 1952 neque
3860 1853 4071 1934 statim

1032 1964 1207 2032 Non·
1262 1985 1409 2032 raro
1477 1964 1683 2032 numis
1749 1969 1884 2053 jam
1946 1964 2101 2031 olim
2162 1966 2427 2054 sig-natis
2497 1962 2581 2030 ad
2650 1985 2900 2031 manum
2971 1965 3089 2034 fuit
3143 1959 3485 2032 'metallum
3570 1965 3655 2033 ad
3738 1964 4068 2034 feriundos

859 2068 1011 2135 novi
1071 2069 1362 2156 utrinque
1434 2069 1575 2157 typi
1648 2089 1774 2156 ope
1838 2067 2090 2135 alterius
2153 2070 2427 2137 matricis
2498 2088 2723 2133 numos
2788 2076 3019 2154 aptum.
3132 2068 3301 2134 Vide
3352 2068 3506 2134 alias
3560 2087 3777 2142 causas
3830 2070 4067 2144 exerei-

859 2168 1108 2240 fuerunt
1146 2171 1462 2260 impressi,
1526 2174 1704 2258 cujus
1760 2172 2007 2258 generis
2051 2192 2280 2239 numos
2324 2194 2428 2240 so·
2498 2178 2599 2236 tae
2653 2169 2873 2236 similis
2926 2170 2992 2235 in
3047 2191 3270 2238 numos
3329 2169 3574 2237 alienos
3618 2169 3960 2237 violentiae
3999 2171 4069 2238 in

850 2272 1060 2344 lemna
1106 2295 1337 2342 vocare
1372 2275 1631 2342 rectas-osi
1644 2277 1651 2284 '
1716 2274 2035 2353 Quoniam
2077 2275 2250 2341 numi
2294 2279 2431 2361 jam
2499 2280 2754 2338 moneta
2807 2271 3124 2338 Hebraica
3177 2273 3494 2339 Simeonis
3561 2270 3839 2340 Judaeae
3900 2274 4069 2361 prin·
4169 2299 4174 2304 ·

864 2376 1094 2463 signati
1135 2377 1737 2466 superficies„plana
1787 2397 1919 2443 non
1961 2376 2106 2459 fuit,
2162 2376 2280 2444 sed
2321 2398 2456 2442 ex-·
2501 2374 2678 2461 cipis.
2767 2373 3058 2440 Ceterum
3111 2375 3178 2442 iu
3237 2384 3491 2441 moneta
3533 2395 3723 2444 8111·θῦ
3763 2376 3932 2444 numi
3971 2376 4070 2460 55⁰
4115 2371 4134 2406 ²
4175 2460 4196 2470 ,

865 2478 1172 2547 stantibus
1216 2479 1429 2565 figuris
1473 2500 1725 2567 aspera,
1746 2479 1950 2566 *sequi
1993 2500 2254 2545 neeesse
2295 2478 2430 2560 fuit,
2499 2476 2706 2544 recusi
2747 2475 2987 2544 nullum
3029 2476 3332 2544 habemus
3376 2476 3754 2566 exemplum.

863 2588 935 2647 ut
1001 2579 1230 2647 matrix
1251 2629 1271 2661 ,
1334 2583 1501 2647 .c'um
1572 2581 1640 2646 in
1708 2573 2152 2648 eminentiores
2223 2580 2434 2647 solum
2897 2653 2902 2660 ,
3231 2655 3245 2668 ‚
3293 2655 3307 2668 ‚
3457 2655 3470 2668 ,
3515 2645 3526 2652 ι

866 2683 1037 2747 numi
1108 2690 1315 2769 partes
1387 2681 1514 2749 vim
1585 2703 1760 2748 suam
1834 2692 2056 2771 posset
2118 2689 2465 2766 exserere,·
2832 2651 2969 2728 §¹7.
3053 2650 3130 2713 N
3119 2672 3240 2716 ΨΜ
3271 2663 3467 2716 ‘m
3507 2661 3738 2717 ‘me‘

848 2783 1234 2851 -humiliores
1313 2794 1419 2851 aut
1490 2777 1871 2872 relinqueret
1940 2786 2243 2868 intactas,
2331 2796 2437 2853 aut
2677 2778 2902 2847 Paullo
2949 2746 3146 2852 altius
3178 2781 3465 2850 dedimus
3521 2804 3749 2851 numos
3785 2783 4067 2865 incuses,

868 2887 1124 2955 nonnisi
1169 2885 1391 2953 leviter
1430 2887 1907 2976 perstringeret,
1968 2898 2038 2955 ut
2095 2889 2259 2969 adeo
2302 2910 2437 2979 sae-
2505 2903 2648 2964 seu,
2704 2883 2810 2970 qui
2861 2884 3131 2954 eundem
3183 2897 3405 2975 typum
3453 2886 3524 2952 in
3576 2907 3701 2953 una
3742 2896 4045 2975 parteex

866 3011 951 3080 po
1013 3011 1096 3056 ex
1152 2989 1389 3058 relictis
1444 2977 1671 3059 veteris
1731 2993 1873 3081 typi
1924 2991 2202 3079 vestigiis
2252 2968 2434 3060 vetus
2505 2994 2802 3069 stantem,
2887 2988 2954 3053 in
3041 2990 3237 3058 altera
3311 3009 3657 3080 concayum
3745 2987 4072 3072 exhibent,

864 3097 1003 3180 ejus
1064 3094 1239 3164 numi
1298 3091 1583 3188 conditio
1644 3094 1831 3166 facile
1880 3094 2091 3184 possit
2145 3093 2434 3165 divinari.
2502 3088 2620 3160 sed
2657 3111 2776 3157 eos
2818 3069 3092 3158 diximus
3135 3093 3230 3157 sic
3269 3091 3464 3161 fuisse
3501 3090 3810 3159 formatos
3854 3112 3939 3158 a
3979 3091 4070 3158 in-

869 3195 1262 3263 Boeotorum
1312 3175 1566 3265 multos
1635 3197 1823 3284 hujus
1899 3208 2159 3268 naturae
2243 3198 2435 3267 habe·
2504 3193 2743 3264 stituto.
2791 3194 3028 3273 Quos
3087 3194 3215 3262 hoc
3266 3194 3419 3261 loco
3475 3195 3924 3282 proponimus,
3977 3194 4071 3260 in·

870 3321 1006 3366 mus
1079 3299 1476 3387 superstites,
1561 3319 1827 3388 quorum
1899 3301 2190 3396 exempla
2262 3300 2435 3369 dabi-
2505 3297 2639 3364 eusi
2693 3305 2839 3362 sunt
2891 3298 3174 3386 pariter,
3216 3293 3330 3363 sed
3374 3319 3534 3386 quae
3573 3296 3897 3386 peristasis
3939 3316 4074 3363 non

871 3422 1008 3466 mus
1078 3401 1146 3467 in
1215 3399 1443 3468 horum
1516 3414 1800 3487 moneta,
1887 3426 2095 3497 neque
2166 3426 2440 3472 comme
2499 3398 2826 3479 institute,
2884 3397 3002 3463 sed
3053 3399 3259 3481 casui,
3317 3410 3382 3466 et
3433 3400 3923 3467 monetariorum
3964 3418 4073 3464 ne·
4155 3427 4162 3432 ·

873 3522 1120 3569 morare
1191 3501 1314 3568 alia
1383 3523 1641 3586 necesse
1710 3515 1866 3592 puto
1882 3554 1899 3589 ,
1974 3507 2121 3596 quia
2191 3507 2438 3604 singula
2503 3500 2838 3586 gligenfiae
2903 3498 3196 3582 debetur,
3290 3501 3398 3588 qui
3462 3500 3833 3589 signandum
3900 3500 4073 3568 numi

874 3621 1091 3670 mmea
1160 3623 1378 3669 eorum
1454 3604 1664 3691 aliqua
1734 3617 2003 3678 servant.
2114 3606 2205 3673 At
2278 3629 2493 3695 quae
2506 3600 2858 3669 orbiculum
2920 3621 3110 3668 numo
3167 3606 3348 3690 jam
3380 3604 3659 3691 signato,
3745 3605 3859 3694 qui
3940 3613 4102 3674 tum.

874 3725 1078 3774 novae
1131 3704 1320 3792 hujus
1369 3704 1710 3774 violentiae
1773 3730 1986 3791 causa,
2058 3731 2200 3776 cum
2265 3712 2437 3778 casui
2491 3704 2881 3773 auferendus
2980 3705 3192 3794 utique
3288 3706 3530 3791 fuerat,
3619 3712 4071 3798 imposuerunt,

874 3807 1043 3876 istud
1085 3825 1218 3874 non
1257 3829 1453 3896 posse
1486 3809 1683 3877 tribui
1720 3808 1909 3877 facile
1952 3811 2291 3899 appareat?
2363 3812 2438 3879 Si
2506 3807 2864 3896 malleoque
2893 3847 2900 3852 ·
2929 3817 3275 3896 coeperunt
3335 3831 3650 3879 exercere.
3768 3812 3914 3891 Quo
3943 3857 3964 3868 -
3981 3807 4073 3876 fa-

872 3912 942 3978 in
985 3919 1305 3979 externam
1351 3919 1668 3978 monetam
1723 3913 1816 3980 sic
1856 3912 2075 3992 finisset
2116 3912 2436 3997 saevitum,
2506 3919 2707 3991 ctum,
2789 3919 2862 3977 ut
2907 3909 3079 3976 idem
3139 3913 3438 4002 utrinque
3486 3921 3854 4002 emergeret
3878 3915 4076 4001 typus

874 4015 1109 4102 conjici
1163 4021 1421 4102 posset,
1448 4013 1754 4084 'voluisse
1802 4014 1937 4105 hoc
1987 4015 2184 4083 modo
2238 4036 2440 4106 popu⁴
2507 4013 2795 4102 superior
2867 4033 3189 4081 convexus
3262 4025 3327 4082 et
3397 4025 3683 4099 exstans,
3767 4013 4075 4082 efficiente

874 4115 981 4185 los
1074 4129 1391 4186 monetam
1482 4119 1873 4208 peregrinam
1969 4119 2037 4186 in
2118 4119 2441 4209 propriam
2507 4116 2680 4185 istud
2749 4117 3032 4184 man-ice-
3077 4119 3434 4206 superiore,
3515 4119 3781 4187 inferior
3848 4138 4072 4186 conca-

878 4237 1052 4286 suam
1110 4243 1187 4287 ac
1240 4221 1646 4288 domesticam
1712 4231 2100 4291 convertere.
2207 4221 2444 4290 Verum
2510 4242 2658 4306 vuS,
2715 4241 2902 4288 causa
2953 4222 3125 4296 numi
3179 4222 3475 4308 subjecti,
3531 4224 3642 4311 qui
3678 4225 3815 4309 jam
3866 4220 4076 4300 matri·

770 4371 783 4378 -
878 4315 1180 4386 habemus
1242 4322 1566 4411 exempla,
1634 4346 1839 4413 neque
1899 4325 2195 4412 propriae
2255 4346 2442 4415 pecu-
2510 4323 2602 4390 cis
2646 4341 2902 4389 munere
2943 4322 3336 4410 fungebatur.
3419 4315 3649 4412 Neque
3691 4325 3918 4392 daeunt
3956 4339 4075 4390 no-

874 4420 1022 4487 niae
1056 4419 1257 4489 fuisse
1294 4424 1613 4513 parcitum.
1688 4425 1869 4493 Est
1849 4446 1917 4490 ιιι
1959 4447 2177 4494 museo
2206 4427 2443 4494 Caesa·
2509 4435 2639 4528 stra
2663 4421 2894 4491 ”aetate
2945 4425 3165 4493 similis
3218 4421 3587 4495 oscitantiae
3649 4425 3941 4516 exempla
4004 4426 4078 4491 in

879 4540 993 4590 reo
1046 4542 1269 4594 numus
1326 4547 1582 4596 recusus
1633 4521 1964 4596 Massiliae
2007 4528 2285 4612 Galliae,
2337 4547 2443 4628 ca·
2508 4549 2584 4597 re
2621 4521 3000 4622 monetaria
3064 4526 3147 4595 ab
3211 4528 3434 4598 iisdem
3497 4531 3703 4600 causis
3768 4527 4164 4618 profem*
