4450 5542
784 597 795 608 .
1234 622 1245 639 ι
1566 531 1623 602 C
1674 529 1739 602 A
1788 530 1850 602 P
1901 529 1967 599 V
2022 530 2089 600 Τ
2196 526 2450 600 XVII..-
2491 573 2494 580 -
3411 547 3601 603 xcm

563 690 817 759 Infinita
880 701 1029 760 sunt
1093 691 1416 782 exempla,
1489 691 1676 760 urbes
1740 700 1806 759 et
1870 713 1964 758 re·
2036 688 2504 780 Philippopolis
2575 689 2913 771 Thraciae,
3001 695 3141 755 cum
3204 689 3431 758 Latina
3513 694 3604 760 vi·
3673 647 3686 654 ³
3737 649 3744 660 Ι

393 796 623 882 giones
692 795 889 862 victas
960 793 1218 861 victoris
1292 792 1519 883 populi
1602 793 1817 880 lingua
1898 793 1967 860 in
2038 790 2189 862 deas
2277 793 2582 862 sociatam
2672 791 2969 857 Punicam
3047 801 3117 864 st
3186 792 3603 886 Numidicam,
3747 803 3762 814 “

390 908 652 965 moneta
702 897 969 963 locutas.
1074 887 1521 994 Posteaquam
1573 893 1965 968 Macedones
2036 898 2215 982 cujus
2261 894 2551 983 exempla
2596 894 2860 982 copiosa
2902 891 3077 961 dedit
3118 891 3534 964 Pellerinius⁸
3542 897 3602 985 )‚

389 1019 512 1087 per
561 999 923 1068 Alexandri·
955 998 1058 1068 M.
1110 1000 1406 1066 victorias
1467 998 1790 1066 Orientem
1843 997 1968 1064 sibi
2032 1007 2307 1068 veterem
2318 996 2846 1085 Hispaniensem
2889 1005 3016 1063 etc:
3094 995 3290 1063 Numi
3331 999 3605 1068 Romani

390 1087 755 1186 subiecere,
829 1101 1043 1189 lingua
1096 1104 1340 1170 Graeca
1394 1110 1501 1167 aut
1553 1102 1790 1184 statim,
1861 1109 1967 1167 aut
2035 1095 2362 1182 commatis
2429 1120 2689 1188 perraro
2756 1107 2903 1165 sunt
2967 1098 3277 1186 bilingues
3332 1100 3605 1170 admissa

386 1202 718 1291 paullatim
792 1206 987 1272 totius
1061 1205 1338 1272 Orientis
1372 1225 1630 1270 -numos
1698 1222 1965 1290 occupa·
2033 1203 2103 1270 in
2155 1203 2541 1274 consortium
2596 1200 2739 1272 sela
2789 1203 3069 1284 Graeca,
3144 1221 3328 1292 quam
3391 1203 3605 1272 colere

384 1305 533 1388 vit,
628 1308 947 1394 ipsarum
993 1305 1227 1374 etiam
1264 1307 1639 1394 regionum,
1738 1304 1966 1394 quibus
2033 1316 2099 1373 et
2139 1307 2367 1380 imitari
2409 1297 2659 1393 semper
2703 1304 3120 1370 honorificum
3163 1305 3362 1372 visum
3420 1307 3604 1376 etiam

384 1408 605 1495 lingua
668 1409 916 1478 Graeca
983 1419 1130 1477 ante
1196 1420 1301 1477 aut
1363 1409 1479 1477 fuit
1540 1411 1786 1496 ignota,
1861 1415 1968 1474 aut
2032 1418 2352 1497 prostrato
2396 1407 2671 1496 populo,
2719 1410 2826 1495 qui
2868 1431 2946 1474 ea
2985 1407 3289 1474 utebatur.
3376 1410 3452 1476 In
3494 1408 3600 1477 de·

382 1520 657 1600 propter
730 1511 1231 1598 peregrinitatem
1302 1534 1519 1592 exosa.
1652 1512 1963 1578 Graecam
2031 1513 2222 1579 uariis
2307 1511 2576 1600 plurium
2659 1510 2935 1627 gentium
2999 1495 3421 1578 Romanarum
3493 1533 3600 1580 ex

382 1613 577 1700 igitur
645 1612 865 1680 videas
936 1613 1153 1681 Asiam
1229 1615 1536 1681 minorem
1605 1611 1961 1706 mediterra-
2032 1624 2198 1683 stant
2254 1601 2472 1682 literae
2514 1609 2844 1701 ‘alphabeti
2899 1613 3153 1696 Graeci,
3209 1614 3275 1680 in
3330 1612 3600 1683 denariis

386 1735 575 1784 neem
644 1737 689 1782 a
754 1714 915 1783 solis
987 1723 1171 1783 antea
1242 1716 1524 1783 barbaris
1600 1697 1960 1796 habitatam,
2031 1718 2234 1806 gentis
2274 1717 2569 1802 VolteJae
2625 1724 2816 1782 notae
2870 1717 3253 1784 Graecorum
3316 1717 3601 1784 arithme-

389 1818 684 1902 Syrinm,
786 1818 1230 1901 Phoenicium,
1320 1817 1661 1900 Judaeam,
1749 1817 1960 1903 Aegy·
2030 1823 2214 1903 deae,
2261 1830 2377 1888 etc.
2464 1819 2542 1886 In
2593 1818 2825 1905 insigni
2876 1839 3066 1912 numo
3126 1818 3431 1885 maximae
3472 1820 3599 1887 for-

386 1929 601 2008 ptum,
686 1920 1253 2009 Mesopotamiam,
1340 1923 1495 2014 ipsa
1547 1920 1965 1987 remotissima
2030 1945 2182 1991 mae
2224 1921 2423 1989 musei
2477 1921 2770 1990 Caesarei
2799 1942 2972 2010 cum
3028 1922 3256 2020 capite.
3292 1919 3602 1990 Gordiani

386 2021 636 2092 Bactra.
732 2025 1011 2091 Graecae
1063 2022 1421 2111 exemplum
1475 2032 1691 2090 secuta
1739 2021 1964 2088 Latina
2031 2026 2277 2113 reliqua
2350 2024 2521 2090 omni
2594 2017 3004 2110 inscrip‘tione
3075 2026 3299 2092 Latina
3376 2009 3602 2113 legitur

390 2123 663 2193 coloniis
730 2125 1038 2193 Romanis
1107 2146 1223 2214 per
1283 2124 1639 2211 provincias
1705 2123 1963 2210 sparsis,
2038 2129 2314 2196 ΘΕΟΣ.
2345 2127 2981 2207 ΟΠΛΟΦΟΡΟΣ,
3010 2113 3077 2192 in
3097 2125 3272 2194 aliis·
3295 2128 3599 2210 NGIKIL

393 2248 653 2315 quarum
704 2226 1046 2317 pleraeque
1095 2245 1322 2298 numos
1364 2226 1588 2294 La'tine
1627 2226 1965 2313 inscriptos
2041 2231 2625 2318 ΟΠΛΟΦΟΡΟΟ.
2710 2231 2824 2296 Ιιι
2843 2228 3130 2298 denariis
3160 2230 3437 2328 Philippi
3492 2253 3604 2320 pa-

394 2325 675 2400 edidee.
792 2329 1079 2397 Tandem
1149 2308 1447 2397 inferiore
1516 2351 1697 2400 aevo
1748 2349 2003 2396 omnes
2032 2336 2177 2417 tris,
2267 2334 2409 2415 filii,
2487 2343 2552 2399 et
2624 2328 2843 2398 uxoris
2908 2332 3174 2420 primum
3240 2353 3602 2422 comparen-

393 2431 640 2520 h‘nguas
715 2431 879 2500 alias
963 2454 1045 2500 ex
1116 2432 1291 2499 orbis
1362 2425 1633 2499 Romani
1717 2438 1968 2497 moneta
2035 2447 2228 2504 notae
2296 2438 2575 2504 Graecae
2641 2435 3091 2518 arithmeticae,
3179 2441 3340 2534 quae
3402 2438 3608 2505 serim
3721 2491 3732 2496 ,

396 2537 695 2618 extrusit,
760 2537 885 2603 nisi
954 2533 1127 2624 quod
1191 2556 1307 2624 per
1358 2535 1686 2602 intervalla
1741 2533 1967 2623 princi·
2034 2542 2105 2610 in
2165 2540 2597 2608 Romanorum
2660 2547 2913 2605 moneta
2988 2559 3128 2603 cum
3192 2536 3446 2605 fastidio
3507 2560 3602 2607 re·

284 2627 307 2634 ’
400 2658 553 2726 pum
580 2640 1043 2728 Byzantiorum
1082 2639 1255 2706 numi
1285 2638 1525 2705 Graece
1564 2646 1713 2706 sunt
1753 2637 1968 2706 locuti.
2035 2653 2307 2710 currunt.
2414 2642 2658 2710 Literas
2705 2642 3025 2718 variarum
3086 2639 3433 2760 linguarum
3494 2643 3605 2712 mi·

568 2739 942 2825 Servitium,
1030 2729 1341 2823 adulatio,
1428 2742 1765 2830 permixtio
1834 2762 1966 2830 po·
2036 2747 2196 2813 scuit
2241 2755 2347 2813 aut
2387 2745 2742 2828 barbaries,
2801 2754 2870 2812 ut
2912 2767 3052 2811 cum
3093 2744 3158 2809 in
3201 2746 3404 2812 numis
3448 2743 3600 2814 Gal·

392 2841 729 2931 pulcrum,
816 2866 1007 2912 unum
1092 2843 1277 2911 etiam
1352 2844 1672 2912 arbitrium
1741 2867 1967 2913 numos
2035 2849 2173 2916 licis
2241 2847 2501 2914 Latinae
2553 2848 2815 2914 Graecis
2873 2850 3238 2929 miscentur,
3298 2855 3406 2913 aut
3467 2869 3601 2915 mo·

398 2948 695 3030 biliam
740 2949 1147 3036 parturivere.
1252 2947 1330 3014 In
1385 2943 1770 3035 elegantibus
1800 2946 1967 3014 Ma·
2035 2952 2274 3019 netaria
2333 2945 2692 3032 oscitantia,
2761 2957 2830 3014 ιιι
2894 2969 3032 3013 cum
3094 2948 3162 3014 in
3215 2969 3382 3015 anno
3447 2970 3602 3036 epo·

406 3047 725 3116 cadonum
777 3049 1282 3131 tetradrachmis,
1349 3071 1431 3117 ex
1485 3072 1613 3137 quo
1664 3037 1967 3117 Romanis
2018 3054 2191 3120 chae
2244 3053 2489 3125 ΡΠΑ.,
2555 3071 2740 3138 quem
2793 3048 3053 3117 exhibet
3104 3070 3326 3118 numus
3376 3051 3598 3134 Aradi,

312 3163 331 3176 '
394 3169 630 3239 parere
680 3163 825 3219 sunt
863 3154 1062 3239 jussi,
1110 3150 1336 3239 legitur
1392 3154 1960 3220 ΜΑΚΕΔΟΝΩΝ.
2032 3156 2213 3223 litera
2255 3161 2574 3243 postrema
2613 3153 2675 3218 A
2719 3150 3061 3222 Phoenicia
3104 3160 3219 3218 est.

390 3263 465 3320 et
530 3254 951 3342 AESILLAS
1010 3255 1332 3332 Quaestor.
1430 3255 1507 3320 In
1581 3252 1963 3341 cistophoris
2728 3256 2761 3334 ς
2827 3252 2907 3319 V.

364 3355 615 3452 ‚Asiam
680 3381 743 3424 v.
807 3378 867 3443 g.
934 3359 1152 3424 ΑΠΑ.
1219 3357 1678 3437 ΜΥΙΣΚΟΓἿ
1767 3365 1833 3421 et
1892 3356 1962 3421 Ρ.
2058 3399 2069 3410 -
2441 3358 3188 3424 Delae'temsolimaews
3323 3379 3332 3388 ·

387 3458 887 3527 LENTVLVS.
948 3446 1494 3526 IMPERATOR.
1556 3458 1674 3526 In
1738 3456 1962 3542 aureis,
2224 3457 2348 3524 Sic
2401 3458 2696 3546 appello
2713 3458 2955 3548 literas,
3017 3480 3179 3549 quac
3220 3466 3468 3546 praeter
3507 3458 3602 3526 in·

350 3559 369 3574 “
388 3562 836 3650 argenteisque
904 3560 1253 3628 Alexandri
1310 3560 1409 3627 Μ.
1480 3559 1678 3627 habes
1728 3561 1964 3628 AAAE
2033 3559 2442 3649 scriptionem
2483 3561 2705 3645 urbis,
2758 3561 3013 3650 populi,
3077 3562 3413 3651 principis,
3475 3582 3603 3630 ma-

296 3661 305 3668 ’
394 3662 855 3748 ΞΔΝΔΡΟΥ.,
954 3673 1020 3731 et
1101 3649 1265 3732 Acen
1351 3662 1671 3731 Galilaeae
1769 3662 1965 3730 literis
2031 3662 2328 3749 gistratus
2386 3685 2593 3732 aream
2656 3683 2984 3738 numorum
3038 3664 3352 3733 obsident.
3480 3664 3604 3732 Ea·

388 3765 757 3838 Phoeniciis
810 3768 1121 3886 scriptam.
1198 3762 1528 3833 Graecam
1567 3787 1706 3832 cum
1760 3765 1963 3832 Phoe-
2032 3786 2171 3842 rum
2212 3787 2365 3834 usus
2408 3765 2703 3855 frequens
2745 3767 2863 3835 fuit
2903 3770 2969 3834 in
3011 3770 3213 3838 numis
3246 3779 3372 3835 tam
3411 3767 3605 3834 Grae·

394 3869 599 3938 nicia
610 3871 901 3938 mixtam·
892 3870 1145 3958 passim
1189 3867 1461 3936 offerunt
1514 3869 1697 3935 numi
1722 3869 1967 3936 urbium
2034 3890 2288 3949 corum,
2356 3890 2541 3957 quam
2598 3863 3046 3937 Romanorum.
3142 3869 3466 3957 Frequens
3521 3869 3603 3935 iis

398 3971 824 4055 Phoenicius,
846 3975 1186 4048 Graecam
1238 3993 1379 4038 cum
1428 3972 1744 4064 Hebraica
1795 3973 1966 4039 numi
2033 3971 2378 4059 hospitium
2429 3973 2508 4038 in
2551 3967 2751 4038 num'is
2807 3970 3205 4052 familiarum,
3274 3991 3480 4036 rarum
3498 3969 3603 4038 sin
3679 3999 3694 4010 2
3759 4073 3768 4084 ι

378 4095 613 4163 rugum
672 4074 987 4158 Judaeae,
1073 4074 1359 4140 Latinam
1442 4075 1509 4142 in
1596 4075 1960 4143 societatem
2036 4072 2309 4141 denariis
2351 4073 2650 4160 Augusti,
2708 4072 2917 4138 nullae
2968 4072 3087 4138 sub
3130 4072 3426 4152 Tiberio,
3459 4063 3608 4138 Οι·.

378 4197 537 4250 m
580 4180 825 4245 Graeca
860 4198 1159 4265 recepere
1188 4177 1449 4256 Polemo
1478 4177 1559 4245 Π.
1592 4179 1780 4244 Ponti
1821 4198 1957 4260 rex,
2025 4176 2254 4292 ligula,
2307 4175 2606 4256 Claudio,
2669 4197 2778 4241 eas
2839 4173 3147 4241 admisere
3196 4172 3440 4260 aliquot
3488 4187 3601 4243 ιιιι-
3617 4233 3628 4246 x

374 4279 737 4352 Antiochia
764 4280 1044 4362 Syriae,
1123 4279 1429 4348 Caesarea
1494 4280 1956 4371 Cappadociae,
2024 4279 2110 4344 mi
2153 4278 2436 4344 Neronis
2478 4277 2687 4357 aenei,
2742 4297 2984 4345 rursum
3031 4276 3355 4366 disparent
3397 4296 3601 4365 usque

218 4409 227 4418 ·
324 4383 635 4472 ,Tyrus
690 4393 761 4449 et
836 4381 1181 4449 Damascus
1268 4382 1586 4467 coloniae,
1678 4384 1955 4474 Cyprus,
2024 4381 2108 4449 ad
2167 4378 2532 4476 Philippos,
2610 4377 2908 4468 deinceps
2974 4380 3164 4469 copia
3225 4401 3342 4448 sua
3401 4378 3597 4446 mole-

536 4603 601 4672 Β)
642 4605 767 4660 Bet.
803 4605 889 4658 m.
924 4624 978 4673 p.
1018 4607 1128 4661 121.
1160 4623 1268 4674 seq.
