4450 5542
816 547 931 601 ιιι
1432 498 1473 619 ’,
1733 480 2482 623 pnoLmo'MssNA
2529 527 3109 652 GENERAHA

818 689 1091 770 ritatem,
1158 672 1445 755 nimirum
1508 688 1593 756 ab
1642 690 1912 777 antiquis
1974 690 2388 781 scriptoribus
2451 690 2605 756 hinc
2663 699 2763 756 est
2823 700 3009 779 caput
3069 686 3337 757 numinis
3399 690 3779 778 cujuspiam,
3851 674 4028 761 illinc

819 799 1131 878 usurpata.
1219 792 1635 880 Superessent
1677 792 2225 860 commemoranda
2266 791 2391 860 alia
2454 792 2539 859 Σ
2542 790 3128 873 ΤΡΛΚΟΣΙΩΝ
3209 801 3399 881 typus
3471 789 3842 880 quadrigae,
3923 803 4031 859 aut
4105 838 4123 857 ,

822 891 1048 980 quibus
1116 912 1216 959 ars
1278 903 1496 960 nostra
1559 892 1761 961 varias
1828 914 2156 962 numorum
2233 894 2389 965 clas·
2456 894 2864 1001 quiscunque
2960 870 3118 959 alius
3140 940 3159 977 ,
3276 902 3650 960 autonomus
3765 891 4027 974 dicetur,
4115 900 4128 904 ⁴

822 996 945 1060 ses
975 1003 1235 1081 propter
1285 996 1489 1062 varias
1561 995 1963 1063 inhaerentes
2024 1017 2242 1065 causas
2298 996 2388 1063 di·
2457 1002 2521 1060 at
2594 1014 2818 1074 numus
2855 980 3458 1077 Syracusanum,
3532 994 3642 1081 qui
3711 993 3862 1075 hinc
3932 1015 4029 1061 ca-

766 1080 1077 1264 'stinxit,
1166 1100 1343 1181 cujus
1406 1098 1653 1184 generis
1726 1107 1872 1164 sunt
1947 1098 2117 1165 numi
2179 1106 2391 1179 invasi,
2459 1104 2592 1185 put'
2637 1096 2806 1184 regis
2835 1093 3323 1180 diadematum,
3389 1095 3565 1163 iliinc
3611 1088 4029 1165 ΣΥΡΑΚΟ-

708 1284 715 1291 ,
1054 1199 1449 1276 ιειιόαενατιρ
1524 1205 1907 1281 emendati,
1993 1210 2109 1267 etc.
2181 1216 2396 1278 verum
2460 1197 2732 1267 ΣῙΩΝ.
2787 1195 3261 1264 ΓΕΛΩΝΟΣ
3305 1197 3594 1279 exhibet,
3655 1202 4034 1271 autonomus
4099 1244 4112 1257 ,

824 1320 965 1367 cum
822 1210 1141 1364 mbos
1198 1320 1358 1366 unus
1411 1298 1685 1367 fabricae
1752 1247 1979 1369 modus
2037 1301 2394 1390 distinguat,
2461 1320 2596 1367 non
2638 1299 2788 1383 erit,
2841 1297 2958 1365 sed
3010 1308 3273 1386 propter
3321 1299 3566 1369 illatum
3616 1300 3784 1387 regis
3835 1299 4032 1367 Gelo·

826 1400 951 1469 de
933 1402 1010 1466 lis
1038 1400 1453 1493 opportunius
1497 1414 1749 1488 agemus
1790 1400 1955 1470 iufra
1995 1406 2203 1492 eapite
2224 1405 2395 1489 XII.,
2462 1405 2560 1471 nis
2603 1418 2836 1468 nomen
2878 1410 2944 1467 et
2986 1409 3174 1489 caput
3225 1402 3436 1489 regins
3474 1402 4033 1483 Syracusanorum.

828 1523 954 1591 quo
998 1502 1065 1566 in
1113 1502 1538 1569 mechanicam
1589 1524 1919 1597 numerum
1970 1515 2248 1574 veterum
2299 1508 2399 1576 in-
2461 1504 2710 1574 Eodem
2793 1500 2991 1570 modo
3077 1522 3301 1570 numus
3383 1502 3732 1591 ‘inscriptus
3815 1502 4038 1571 ΕΦΕ·
4151 1548 4160 1553 -

828 1604 1161 1691 quiremus.
1351 1662 1361 1669 .
1714 1658 1723 1671 .
2463 1594 2732 1685 ΣΙΩΝ,
2798 1614 2864 1672 et
2925 1624 3065 1681 cum
3129 1606 3318 1697 typis
3366 1604 3609 1694 Ephesi
3677 1602 4040 1673 domesticis

858 1734 865 1743 ·
996 1706 1235 1773 Tamen
1287 1708 1422 1791 jam
1483 1727 1652 1774 nunc
1715 1708 2092 1798 explicanda
2129 1719 2248 1797 est
2286 1729 2395 1777 na·
2464 1711 2583 1777 erit
2664 1717 3040 1775 autoncmus
3103 1706 3554 1795 Ephesiorum,
3640 1716 3706 1773 at
3774 1706 3834 1773 si
3903 1706 4054 1792 ejus,

829 1814 967 1872 tura
1048 1828 1376 1873 numorum
1405 1856 1424 1888 ,
1522 1800 1683 1895 quos
1769 1804 2130 1899 Αἰαοῃοπιοε
2211 1834 2400 1880 voca·
2463 1798 2644 1879 urbis
2702 1831 2924 1878 numus
2995 1806 3314 1876 contineat
3373 1827 3608 1875 nomen
3677 1818 3784 1875 aut
3855 1807 4043 1896 caput

826 1926 998 1989 mus,
1072 1911 1217 1997 quia
1278 1908 1571 1997 frequens
1639 1932 1858 1978 eorum
1929 1913 2225 2003 deinceps
2282 1915 2403 1985 erit
2466 1914 2886 2002 imperatoris·
2938 1910 3212 1978 Romani
3231 1958 3251 1994 ,
3336 1910 3456 1977 erit
3535 1914 3794 1985 numus·
3828 1909 4040 1999 Ephe-
4139 1990 4152 1997 ‚

770 2010 1085 2077 amentio.
1202 2010 1449 2080 Placuit
1517 2014 1667 2080 artis
1742 2025 2000 2082 nostrae
2068 2018 2399 2105 magistris,
2469 2018 2704 2083 siorum
2754 2014 3248 2104 imperatorius..
3294 2009 3500 2077 Fuere
3568 2009 3797 2087 multae
3851 2012 4041 2081 urbes

784 2166 789 2175 .
831 2108 962 2177 hoc
985 2133 1238 2181 nomen
1280 2113 1607 2201 imponere
1649 2118 1854 2183 numis
1896 2120 2010 2200 iis,
2071 2141 2233 2207 quos
2283 2116 2401 2208 po·
2470 2118 2751 2185 Graecae
2773 2165 2793 2197 ‚
2895 2136 3090 2205 quae,
3195 2113 3316 2180 etsi
3392 2113 3874 2200 imperatoribus
3962 2112 4041 2186 R.

694 2310 701 2321 ἰ
831 2210 1049 2305 pulus,
1134 2211 1517 2302 respublica,
1606 2218 1822 2284 civitas
1901 2221 1993 2284 sic
2072 2223 2401 2308 percussit,
2468 2228 2789 2306 parerent,
2859 2214 3091 2299 multos
3150 2226 3357 2284 tamen
3428 2234 3655 2282 numos
3719 2218 3857 2283 sine
3930 2216 4040 2279 im·

834 2323 903 2385 ut
946 2315 1032 2399 jn
1086 2316 1162 2381 iis
1194 2315 1406 2391 ,nulla
1464 2330 1805 2408 appareant
1866 2322 2210 2405 servitutis,
2299 2320 2406 2393 aut
2468 2320 2745 2409 parantis
2787 2317 2893 2387 vel
2943 2318 3150 2407 effigie
3210 2316 3316 2385 vel
3353 2318 3720 2401 -mentione,
3793 2339 3869 2384 ac
3937 2314 4043 2384 vel

838 2414 1128 2506 obsequii
1199 2418 1449 2487 indicia.
1565 2422 1878 2501 Quamdiu
1914 2424 1919 2427 ’
1949 2423 2136 2491 urbes
2212 2426 2405 2494 Grae·
2470 2421 2646 2489 ideo·
2691 2420 3034 2489 secundum
3113 2419 3281 2487 dicta
3347 2430 3765 2499 autonomos,
3837 2417 4039 2504 signa-

696 2534 703 2541 ·
838 2538 951 2586 cae
1024 2541 1191 2587 vere·
1242 2521 1492 2589 fuerunt
1568 2520 1838 2605 liberae,
1926 2526 2148 2613 suique
2216 2526 2406 2616 plene
2471 2543 2650 2606 vere,
2721 2523 2874 2611 quin
2937 2522 3187 2591 fuerunt
3244 2520 3432 2589 urbes
3497 2520 3759 2587 illustris
3821 2517 4041 2599 fatuae,

829 2620 1026 2707 jmis,
1071 2633 1292 2712 suapte
1331 2632 1535 2711 p‘atet,
1578 2645 1711 2692 non
1754 2625 1915 2693 alios
1958 2628 2039 2694 ab
2082 2627 2216 2718 his,
2283 2630 2405 2717 nisi
2473 2646 2590 2692 ceu
2649 2625 2940 2693 Athenae
3014 2645 3089 2690 ac
3147 2625 3391 2708 Tyrus,
3467 2643 3627 2712 quae
3697 2616 3828 2689 ⁸¹15
3887 2621 4052 2708 iPSi¹·²⁵'

837 2721 1023 2807 huJus
1076 2733 1337 2817 naturae
1397 2745 1623 2794 numos
1683 2726 1882 2795 fuisse
1929 2730 2228 2817 signatos.
2316 2731 2428 2799 At.
2470 2726 2946 2818 imperatoribus
3015 2727 3273 2795 nonnisi
3343 2734 3723 2794 autonomos
3743 2771 3764 2805 ‚
3852 2723 4041 2810 impe·

838 2824 1249 2914 posteaquam
1292 2828 1609 2895 servitium
1665 2838 1778 2897 seu
1830 2843 2091 2918 sponte,
2136 2854 2252 2900 seu
2292 2854 2408 2921 per
2474 2830 2774 2897 raterium
2816 2829 3054 2897 nullum
3099 2829 3419 2896 cuderunt.
3503 2826 3734 2913 Vrbes,
3775 2824 3843 2890 in
3845 2842 4042 2917 quas

838 2927 966 2994 vim
1004 2950 1336 3017 accepere,
1401 2928 1562 2997 illud
1613 2932 1681 2997 in
1724 2944 1983 3001 moneta
2027 2957 2218 3025 saepa
2259 2954 2408 3024 pro·
2474 2934 2776 3003 Romani
2798 2931 3084 3001 colonias
3143 2931 3496 3015 deduxere,
3569 2950 3653 2998 ex
3716 2927 3860 3014 lege
3911 2925 4044 3014 qui·
4057 3016 4070 3025 ι

841 3027 997 3096 fessi
1053 3040 1198 3097 sunt
1273 3033 1506 3101 inserta
1574 3035 1876 3123 principis
1943 3035 2047 3103 vel
2116 3038 2407 3124 imagine,
2476 3035 2620 3103 dem
2687 3006 3000 3102 ordinaria
3068 3032 3435 3135 imperantis
3513 3040 3699 3120 caput
3759 3036 4047 3122 monetae

772 3162 779 3167 ·
841 3131 944 3200 vel
988 3134 1274 3215 nomine,
1340 3134 1444 3204 vel
1495 3144 1792 3225 utroque,
1856 3141 2034 3223 cujus
2089 3138 2253 3206 adeo
2308 3161 2412 3227 ge·
2477 3137 2746 3207 intulere
2763 3184 2782 3218 ,
2870 3134 2985 3203 md
3054 3145 3263 3203 tamen
3340 3128 3527 3202 etiam
3604 3150 4050 3216 nonnunquam

841 3216 1015 3302 neris
1063 3257 1288 3303 numos
1330 3240 1465 3322 jam
1530 3258 1664 3307 non
1724 3251 2066 3306 azaeonmnos
2126 3241 2412 3325 dicimus,
2477 3239 2608 3307 hoc
2648 3240 2887 3306 omisso
2943 3239 3218 3345 propriis
3269 3237 3414 3303 suis
3453 3235 3626 3321 typis
3679 3241 3826 3299 sunt
3876 3250 4049 3313 usae,

844 3335 984 3403 sed
1031 3356 1256 3404 numos
1336 3340 1582 3407 urbium
1661 3339 2122 3453 populorumve
2191 3353 2411 3430 reg-ias,
2481 3364 2645 3431 quos
2689 3340 2878 3409 adeo
2895 3359 3121 3406 numos
3161 3358 3257 3417 ex
3309 3333 3531 3401 eadam
3584 3336 3792 3400 causa
3823 3344 4060 3419 possm·
4161 3338 4170 3349 “

726 3474 737 3483 ,
843 3435 949 3504 vel
1012 3443 1503 3535 apamenos,
1521 3452 1630 3509 aut
1699 3434 2045 3529 generatim
2114 3448 2416 3535 officiosos
2480 3464 2618 3510 mus
2727 3450 3105 3508 autonomos
3191 3428 3624 3505 coloniarum
3707 3432 4064 3523 appellare..

844 3548 1109 3628 propter
1173 3540 1494 3630 publicum
1560 3543 1752 3616 delati
1819 3545 2009 3612 officii
2077 3545 2412 3647 docmneu·
2437 3544 2636 3630 Ejus
2707 3540 2957 3629 generis
3028 3538 3385 3627 complures
3457 3536 3727 3626 signavit
3796 3533 4052 3604 colonia

576 3614 597 3667 1
847 3649 999 3710 tum.
1086 3642 1197 3711 Sic
1247 3664 1471 3713 numus
1525 3646 2092 3734 Syracusanorum,
2160 3642 2230 3715 in
2284 3671 2411 3738 quo
2483 3644 2841 3716 Corinthus.

1976 3870 2070 3975 ‚c
2135 3869 2373 3995 ΑΡ
2436 3870 2530 3975 v
2598 3794 2727 3979 T,
2797 3864 2912 4013 v.

1654 4076 1899 4153 Nunti
1939 4066 2206 4151 oe‘teres
2230 4071 2629 4174 fuerintne
2695 4094 2868 4169 cera
2916 4052 3245 4143 monet'a.

856 4246 1006 4335 Sub
1070 4269 1226 4357 ipsis
1300 4275 1450 4341 artis
1523 4278 1780 4341 nostrae
1848 4268 2243 4341 incunabulis
2307 4271 2424 4340 fuit
2492 4276 2787 4358 qnantum
2851 4264 3168 4358 spondere
3244 4287 3319 4333 ea
3380 4270 3548 4331 aetas
3613 4262 3849 4351 potuit,
3923 4282 4054 4328 non

858 4367 1265 4440 Sebastianus
1327 4375 1557 4442 Erizzo
1638 4373 1876 4442 nobilis
1940 4376 2254 4456 Venetus,
2305 4373 2425 4440 -vir
2489 4372 2780 4455 inscitus,
2867 4372 3007 4460 qui,
3072 4360 3281 4455 'quod
3352 4364 3616 4432 antehac
3677 4364 3951 4431 nemini
3986 4364 4056 4430 in

855 4470 924 4537 in
995 4472 1322 4541 versandis
1397 4476 1601 4544 numis
1676 4473 1990 4560 veteribus
2070 4473 2426 4542 indefessus
2490 4483 2760 4543 mentem
2813 4478 3100 4553 venerat,
3173 4484 3359 4534 ausus
3421 4476 3522 4533 ebt
3567 4465 3888 4549 admi-ere,
3942 4482 4054 4532 nu·

860 4594 935 4640 ac
1016 4574 1279 4663 impiger
1304 4624 1323 4657 ‚
1346 4594 1362 4607 ·
1432 4586 1618 4667 atque
1698 4578 1767 4645 in
1851 4577 1927 4642 iis
2013 4574 2425 4665 explicandis,
2490 4597 2632 4645 mos
2698 4578 3134 4662 cujuscunque*
3179 4564 3418 4639 metalli
3464 4576 3737 4652 veteres,
3802 4568 3914 4656 qui
3971 4566 4054 4635 ad
