4450 5542
551 404 575 445 '
1393 453 1864 528 anons
1923 418 2570 529 sienmAE
2724 466 2731 473 ·
3353 448 3589 525 '255

391 615 494 681 sio
543 621 611 680 et
657 610 1012 698 Agathocle
1047 592 1370 703 reperies,
1419 614 1571 682 sed
1647 635 1806 703 quae
1867 623 1956 682 ta·
2024 614 2332 685 recentius
2412 634 2662 694 aevum,
2746 612 3066 700 utriusque
3138 612 3357 700 gentis
3396 633 3585 679 ··com

271 724 282 741 ‘
390 735 537 783 men
580 710 919 781 admodum
961 734 1103 783 esse
1143 724 1434 834 suspecta
1477 718 1778 784 continuo
1822 720 1954 784 mo·
2023 718 2305 784 munioni
2347 715 2543 801 magis
2584 712 2883 780 idoneum
2923 712 3264 801 postulant.

269 806 294 829 ''
387 814 529 895 nui,
590 823 655 881 et
694 816 1037 882 monebo‘
1015 837 1085 885 ιιι
1124 817 1330 883 numis
1372 816 1761 902 Agathoclis.
1849 817 1954 887 An
2193 818 2304 884 VI.
2369 826 2434 882 et
2491 824 2873 902 postremum
2934 822 3358 903 argumentum
3412 813 3579 881 suffi-

388 913 528 984 ullo
589 916 787 984 modo
846 917 1219 1006 verisimile,
1307 937 1489 1003 reges
1549 916 1708 1000 hos,
1798 940 1952 1008 quo·
2020 917 2116 985 cit
2145 916 2484 989 metallum.
2579 917 2827 984 Horum
2870 925 3071 983 aetate
3112 916 3218 992 vix
3265 914 3425 982 alios
3467 937 3583 982 nu·

386 1036 525 1084 rum
587 1015 873 1106 plerique
926 1018 1122 1085 multa
1188 1016 1510 1100 audacter,
1584 1018 1780 1086 multa
1840 1021 1953 1085 im·
2017 1041 2158 1086 mos
2221 1041 2406 1110 quam
2472 1028 2800 1105 argenteos
2848 1014 3182 1109 signatos‘
3201 1016 3393 1084 fuisse
3458 1016 3583 1104 ipsi

383 1116 696 1207 pudenter
759 1129 824 1186 et
885 1119 1040 1187 citra
1102 1122 1405 1205 majorum
1469 1121 1757 1208 exempla
1816 1130 1975 1188 ten·
2018 1121 2272 1191 Siciliae
2332 1120 2577 1193 urbium
2617 1116 2811 1187 ‘numi
2869 1119 3119 1188 abunde
3183 1120 3579 1206 eloquuntur.

384 1229 699 1301 merant,
772 1228 1224 1308 temperaturos
1288 1220 1410 1288 sibi
1447 1219 1666 1293 ,fuisse
1729 1240 1768 1287 a
1811 1234 1947 1307 'pu·
2015 1222 2183 1290 Sane
2232 1223 2344 1290 vix
2396 1230 2644 1289 exstant
2710 1222 2919 1304 aenei,
2994 1222 3131 1303 aut,
3194 1220 3250 1286 si
3313 1227 3581 1299 exstant,
3646 1210 3651 1217 ’

382 1318 558 1386 blico
620 1320 747 1388 hoc
797 1332 863 1388 et
913 1334 1043 1389 tum
1094 1323 1164 1389 in
1221 1321 1360 1390 aliis
1400 1322 1764 1411 regionibus
1805 1344 1947 1411 pas-
2015 1332 2162 1392 sunt
2212 1323 2543 1405 rarissimi,
2610 1323 2717 1410 qui
2767 1344 2883 1410 per
2933 1326 3101 1391 certa
3153 1321 3384 1390 indicia
3427 1319 3581 1387 Hie·

381 1421 503 1488 sim
565 1431 822 1510 recepto
888 1426 1098 1511 regiae
1163 1425 1494 1514 potestatis
1561 1425 1946 1515 testimonio,
2013 1428 2187 1493 ronis
2257 1428 2307 1493 Ι,
2370 1446 2528 1492 aevo
2591 1423 2845 1508 possint
2892 1424 3113 1493 haberi
3154 1423 3387 1489 idonei.
3492 1404 3583 1486 At
3690 1440 3699 1449 ·

381 1522 441 1589 si
508 1525 864 1613 potuissent
933 1546 1076 1593 sese
1147 1525 1652 1614 praecedentium
1715 1528 1946 1614 princi·
2011 1528 2300 1619 plerique
2354 1527 2573 1613 hujus
2602 1525 2919 1593 Hieronis
2950 1525 3163 1608 numi,
3225 1523 3333 1613 qui
3394 1526 3591 1610 caput

378 1636 531 1716 pum
590 1626 897 1731 exemplis
955 1628 1154 1695 tueri?
1209 1629 1322 1694 Et
1371 1627 1757 1716 Agathocles
1815 1630 1945 1717 qui·
2014 1629 2429 1699 diadematum
2516 1624 2817 1708 offerunt,
2914 1637 3047 1693 tum
3115 1647 3271 1732 vero
3343 1624 3579 1709 cogniti
3670 1692 3675 1701 ,

383 1729 558 1812 dem,
625 1730 737 1817 qui
790 1728 1139 1815 Alexandri
1203 1750 1635 1798 successorum
1696 1738 1950 1797 secutus
2014 1750 2235 1799 omnes
2258 1726 2577 1797 Theronis
2618 1728 2789 1795 numi
2832 1738 2977 1797 suut
3013 1727 3212 1794 aenei.
3298 1725 3403 1791 An
3422 1746 3578 1792 vero

379 1833 724 1899 institutum
808 1831 876 1897 in
960 1830 1199 1921 regium
1298 1852 1530 1900 nomen
1621 1831 1944 1914 involavit,
2012 1830 2345 1921 credibile,
2430 1831 2498 1897 in
2566 1828 2997 1899 ordinariam
3020 1828 3194 1895 urbis
3262 1836 3577 1913 monetam
3690 1872 3697 1881 -

381 1932 683 2001 abstinuit
731 1941 967 2014 tamen,
1024 1954 1205 1999 secus
1258 1941 1443 2020 atque
1498 1928 1595 2000 illi
1645 1933 1945 2016 socerina,
2010 1935 2358 2051 impensum
2402 1940 2745 2018 argentum5
2814 1939 2879 1997 at
2928 1933 2998 1998 in
3052 1938 3363 1997 monetam
3406 1926 3575 2045 prin·

381 2054 517 2101 non
569 2030 925 2099 diademate
997 2032 1223 2113 modo,
1307 2032 1424 2103 sed
1510 2043 1575 2100 et
1659 2035 1945 2121 imaginis
2013 2035 2221 2125 cipum
2273 2032 2590 2103 metallum
2641 2031 2870 2099 vilius?
2954 2032 3169 2101 Serius
3218 2030 3577 2118 promiscue

379 2155 529 2203 suae
569 2133 637 2200 in
680 2144 933 2200 moneta
976 2132 1456 2217 ostentatione.
1491 2134 1780 2224 Perrupit
1821 2135 1944 2202 bos
2010 2135 2294 2222 signatos
2348 2136 2486 2205 cu'm
2530 2142 2889 2220 argenteos,
2943 2142 3085 2201 tum
3133 2140 3398 2215 aeneos,
3466 2152 3573 2198 ex·
3676 2178 3681 2185 -

311 2278 328 2283 -
380 2234 597 2302 obices
641 2237 953 2323 postremi
975 2226 1374 2317 Hieronymi
1425 2234 1753 2317 violentia,
1821 2258 1946 2325 qua
2009 2238 2236 2325 amplis
2280 2235 2487 2303 obviis
2532 2235 2852 2302 docemur.

376 2336 447 2403 id
488 2336 741 2404 fortuna
781 2356 925 2419 sua,
979 2338 1047 2403 in
1092 2341 1226 2422 ejus
1268 2335 1471 2406 numis
1514 2336 1771 2405 dicetur.
1855 2339 1945 2404 At
2181 2336 2415 2404 Haec·
2455 2334 2641 2404 latius
2736 2354 3059 2424 exponere
3158 2333 3577 2405 necessarium
3710 2360 3717 2369 ·

377 2438 437 2505 si
475 2456 608 2504 non
649 2437 825 2505 licuit
880 2438 1180 2526 principis
1231 2438 1360 2505 vivi
1409 2438 1739 2524 imaginem
1793 2459 1942 2525 pro-
2009 2439 2365 2533 cumprimis
2404 2436 2590 2521 duxi,
2656 2418 2797 2531 non
2840 2436 3067 2520 modo,
3130 2446 3201 2503 ut
3240 2457 3319 2502 eo
3363 2454 3577 2502 verum

375 2557 650 2626 ponere,
737 2538 913 2607 licuit
965 2548 1171 2607 tamen
1221 2542 1478 2622 mortui,
1566 2539 1793 2611 eodem
1844 2541 1942 2608 in·
2007 2549 2298 2609 monetae
2350 2540 2580 2608 veteris
2645 2539 2953 2609 criterium
3016 2534 3396 2633 perficiatur,
3470 2557 3572 2604 ve-

373 2640 593 2707 stituto
613 2685 634 2719 ,
707 2660 835 2725 quo
892 2640 1163 2707 Romani
1218 2642 1392 2709 viros
1443 2642 1598 2728 reip.
1663 2663 1818 2711 suae
1868 2640 1941 2707 il·
2007 2662 2146 2711 rum
2197 2641 2385 2713 etiam
2436 2650 2699 2730 propter
2753 2643 2954 2731 ipsam
2996 2642 3146 2726 artis
3170 2639 3427 2715 ,veteris
3479 2636 3571 2703 hi·

371 2739 603 2807 lustres
687 2748 838 2824 post
918 2738 1159 2805 obitum
1237 2751 1527 2821 monetae
1603 2742 1940 2824 inseruere,
2009 2744 2286 2810 storiam.
2397 2742 2564 2811 Nam
2616 2741 2916 2811 hactenus
2970 2763 3109 2810 cum
3136 2818 3139 2819 ⁷
3162 2740 3244 2809 de
3298 2749 3432 2807 arte
3473 2736 3575 2806 Si-

373 2850 442 2906 et
494 2836 670 2927 quod
728 2838 1033 2924 sequitur,
1122 2859 1342 2905 omnes
1407 2840 1478 2905 hi
1544 2841 1813 2925 Gelonis
1877 2851 1943 2909 et
2008 2844 2294 2909 culorum
2362 2839 2493 2909 hoc
2556 2834 2715 2911 aevo
2782 2843 3110 2930 agebatur,
3197 2841 3280 2908 ad
3344 2844 3575 2909 numos

375 2938 686 3007 Hieronis
729 2938 899 3003 numi
939 2958 1072 3005 non
1113 2938 1310 3021 vivis,
1377 2939 1493 3006 sed
1535 2941 1661 3006 vita
1681 2932 1688 2939 ’
1711 2941 1940 3009 fimetis
2010 2939 2276 3011 Gelonis
2326 2952 2736 3031 provocatum
2798 2962 3044 3037 semper
3104 2951 3234 3021 est,
3302 2961 3384 3007 ex
3436 2942 3573 3028 qui-

372 3050 586 3128 gratae
628 3038 966 3108 memoriae
993 3061 1194 3111 causa
1231 3050 1380 3109 sunt
1419 3040 1708 3107 dedicati.
2008 3045 2127 3111 bus
2161 3057 2168 3061 ’
2205 3059 2398 3112 unum
2467 3043 2642 3110 lubet
2715 3045 3038 3110 nominare
3108 3041 3567 3111 Win'ckelman·

543 3141 658 3207 V.
679 3140 926 3208 Numus
973 3140 1264 3222 Gelonis,
1322 3161 1506 3230 quem
1554 3150 1939 3227 postremum
2004 3165 2153 3213 num
2177 3140 2255 3225 ⁸).
2369 3144 2459 3212 At
2526 3143 2806 3212 eruditus
2867 3144 3113 3213 Dutens
3174 3143 3420 3230 Anglus
3483 3162 3567 3212 ex

373 3243 658 3323 recitavi,
739 3238 1024 3309 exhibet
1099 3243 1444 3311 lucidentas
1535 3248 1720 3309 notas
1789 3242 1940 3313 XII.
2006 3247 2311 3343 elegantia
2381 3266 2707 3314 numerum
2775 3245 3041 3317 Gelonis
3116 3247 3389 3334 probare
3458 3266 3562 3334 ag·

373 3342 504 3410 Eas
556 3362 698 3423 esse
754 3342 1060 3424 Graecas,
1136 3345 1448 3413 existimat
1503 3344 1802 3432 Princeps
1856 3344 1934 3411 Τ.
1999 3370 2252 3437 gressus
2295 3358 2420 3431 est,
2477 3356 2641 3415 artes
2693 3348 2762 3416 in
2804 3348 3022 3416 Sicilia
3062 3347 3312 3417 duobus
3354 3369 3567 3416 saecu-

373 3440 508 3523 M,
575 3441 690 3509 sed
754 3441 836 3508 ad
890 3465 998 3510 eas
1058 3444 1463 3533 expEcandas
1518 3446 1781 3519 ariolum
1836 3466 1934 3515 rc·
1999 3450 2082 3518 lis
2146 3451 2354 3531 citius,
2437 3470 2622 3537 quam
2680 3451 2747 3515 in
2809 3450 3052 3540 reliqua
3120 3450 3389 3525 Graecia
3447 3450 3569 3518 fio·

373 3542 577 3629 quirit.
672 3530 988 3610 Dedimus
1007 3548 1143 3629 jam
1184 3544 1419 3615 similes
1463 3557 1648 3625 notas
1690 3550 1759 3615 in
1798 3568 1931 3615 mo·
1996 3553 2200 3620 ruisse
2224 3552 2316 3638 ⁶),
2380 3552 2565 3639 quin·
2590 3572 2697 3619 eas
2748 3552 2815 3617 in
2857 3552 2993 3618 hoc
3025 3546 3226 3625 uam
3267 3557 3413 3624 550.
3455 3572 3563 3645 an-

369 3647 519 3706 neta
555 3640 1094 3725 Syracusanorum
1146 3658 1213 3715 et
1251 3646 1802 3733 Mamertinorum,
1867 3660 1933 3718 et
1995 3655 2095 3721 nis
2164 3662 2309 3721 ante
2374 3651 2689 3719 Christum
2768 3652 2857 3752 ad
2915 3672 3214 3739 summam
3278 3654 3576 3742 perfecti·

371 3759 514 3808 esse
571 3742 989 3813 arithmeticas
1063 3767 1148 3814 ex
1211 3748 1641 3819 Romanorum
1720 3770 1934 3819 nume·
1997 3775 2185 3823 onem
2234 3760 2613 3843 promotas
2642 3752 2717 3836 ')‚
2845 3776 3106 3843 cumque
3201 3777 3566 3845 persuasum

353 3839 553 3909 randi
594 3841 734 3929 lege
769 3856 987 3934 captas
1029 3852 1297 3935 conjeci.
1382 3852 1560 3919 Istud
1604 3854 1682 3921 si
1693 3875 1930 3938 verum,
1997 3857 2117 3925 sibi
2162 3865 2358 3945 esset,
2414 3874 2640 3925 numos
2682 3853 2950 3926 Gelonis
2994 3858 3245 3925 nostine
3266 3859 3560 3963 insignes

365 3941 590 4013 mirum
645 3943 895 4043 utique,
962 3969 1090 4038 quo
1152 3959 1341 4037 pacto
1395 3953 1666 4022 Gelonis
1728 3958 1934 4023 aetate
1996 3957 2055 4026 ei
2097 3964 2240 4026 esse
2278 3948 2550 4045 principi
2588 3978 2892 4039 coaevos,
2942 3958 3203 4035 evidens
3247 3946 3414 4044 esse,
3458 3963 3575 4042 ait,

366 4043 556 4110 arctis
636 4034 844 4114 adhuc
916 4049 1347 4120 Romanorum
1432 4053 1682 4137 rebus,
1771 4056 1930 4123 foris
1982 4062 2119 4146 jam
2172 4058 2440 4129 Gelonis
2505 4067 2706 4125 aetate
2762 4059 3067 4143 rationem
3124 4062 3466 4150 scripturae
3520 4083 3563 4129 a

364 4152 536 4211 certe
584 4142 774 4233 plane
823 4148 1092 4235 igneus,
1159 4154 1454 4227 Βοιιιιιιιιι
1503 4155 1832 4252 elementa·
1859 4160 1929 4228 in
1995 4156 2258 4228 dextera
2310 4176 2545 4227 vernis
2576 4159 2888 4229 sinistram
2941 4162 3403 4251 progredientis
3454 4184 3587 4254 pe-.

365 4244 644 4315 Siciliam
703 4252 1075 4336 trajecerint.
1189 4256 1448 4334 Quare
1463 4260 1634 4326 ιιιιιιιί
1689 4260 1926 4330 similes
1992 4263 2159 4337 nitus
2209 4262 2407 4351 fuisse
2445 4262 2763 4331 abolitam.
2844 4264 3001 4333 Non
3029 4263 3135 4333 hic
3167 4276 3561 4356 praetereun-

659 4386 3630 4455 mmmm,

383 4472 394 4477 *
500 4460 1635 4565 nunonemrupsgrmduud.
1791 4481 2378 4554 elsssplichqclq
2417 4482 2979 4577 rncd.r1³ael'·p..xl⁴
3139 4487 3424 4556 ημ108
3511 4500 3515 4511 ’
