4450 5542
728 557 737 568 ι
833 536 980 588 ΟΧΙῙ

812 684 1242 770 ·argu1nentiS,
1333 694 1400 750 ut
1465 704 1686 771 spem,
1750 705 1909 756 non
1971 687 2402 778 aspernandis),

714 809 741 826 ‘
832 789 1237 854 constitutum
1315 787 1507 852 fuisse
1573 787 1653 852 ab
1720 789 1910 854 Asiae
1976 790 2267 873 urbibus,
2337 799 2406 856 ut

783 919 789 925 ·
830 879 1109 957 illustres
1163 890 1231 956 hi
1282 887 1565 957 Sidetum
1621 891 1790 956 numi
1855 890 2071 959 addita
2130 913 2402 957 commu·

834 995 899 1059 ni
963 1002 1114 1058 nota
1186 993 1252 1059 in
1319 988 1829 1082 cistophororum
1903 989 2404 1062 communionem

828 1097 1285 1184 reciperentur,
1361 1105 1423 1161 et
1481 1117 1873 1162 communem
1928 1119 2066 1164 cum
2120 1098 2247 1165 illis
2306 1122 2405 1166 va-

835 1199 1035 1265 lorem
1111 1199 1483 1268 obtinerent.
1588 1199 1917 1289 Quidquid
2002 1202 2148 1283 erit,
2236 1201 2405 1268 istud

834 1313 1098 1383 certum,
1164 1301 1445 1368 Sidetum
1498 1323 1722 1368 numos
1780 1303 2169 1391 peregrinam
2212 1304 2406 1371 fuisse

826 1408 899 1482 ¹in
932 1405 1291 1496 ‘provincia
1352 1403 1505 1470 Asia
1578 1415 1919 1488 monetam;
1994 1428 2178 1494 quam
2248 1430 2402 1474 vero

836 1509 1023 1582 aliam
1064 1529 1282 1575 eorum
1336 1509 1427 1574 sic
1472 1508 1894 1576 notandorum
1936 1511 2254 1606 possimus
2300 1511 2406 1590 ad-

837 1607 1000 1679 ferre
1064 1633 1342 1693 causam,
1407 1634 1592 1699 quam
1657 1622 1726 1679 ut
1791 1613 2172 1694 Asianorum
2236 1635 2407 1710 com·

836 1716 1069 1782 mercio
1133 1715 1481 1783 servirent?
1564 1715 1812 1783 Eodem
1880 1717 1947 1782 in
2015 1738 2210 1805 opere
2252 1738 2407 1803 spe-

762 1871 773 1874 -
836 1818 1127 1887 ctandum
1217 1818 1364 1886 dedi
1450 1819 1972 1886 tetradrachmum
2059 1817 2409 1888 Alexandri

837 1922 970 2005 M.,
1034 1924 1133 1990 cui
1195 1923 1591 2010 impressum·
1629 1924 1865 1992 ΚΑΛ.
1933 1922 2148 1990 addita
2213 1924 2407 2012 spica,

836 2048 1061 2112 nempe
1193 2023 1681 2092 Callatianoruni
1809 2025 2102 2094 Moesiae
2122 2028 2216 2113 ¹¹),
2347 2036 2411 2092 et

836 2129 1055 2220 paullo
1111 2147 1299 2217 supra
1349 2129 1658 2218 proposui
1717 2151 1967 2197 numum
2009 2131 2223 2213 Tyrae
2267 2131 2409 2196 Sar-

836 2234 1061 2300 matiae
1114 2253 1253 2298 cum
1304 2232 1494 2298 simili
1564 2234 1774 2322 spicae
1853 2243 2006 2300 nota
2038 2233 2119 2299 ‘a
2191 2234 2412 2301 vicinis
2486 2254 2512 2281 ··

836 2323 984 2402 item
1048 2333 1440 2416 Callatianis,
1530 2345 1598 2402 ut
1668 2337 1981 2422 conjicere
2044 2335 2222 2419 licet,
2260 2357 2268 2361 “
2303 2337 2413 2401 im-

837 2427 1081 2527 pressass
1119 2511 1126 2517 „
1167 2437 1464 2521 Vulgavit
1525 2433 1807 2523 'Ignarr'a
1851 2439 2106 2506 obvium
2150 2461 2415 2505 aeneum

838 2540 1150 2632 Neapolis
1222 2538 1597 2631 Campaniae
1668 2537 1919 2606 numum
1997 2551 2154 2629 typo
2230 2541 2414 2607 bovis

792 2635 989 2734 ‘cum‘
1053 2641 1211 2724 facie
1274 2640 1573 2724 humana,¹
1651 2643 1715 2708 in
1794 2647 1970 2729 quus
2016 2665 2161 2718 ,una
2237 2655 2414 2731 parte

735 2802 739 2805 .
842 2754 1164 2836 comparet
1215 2753 1368 2846 nota
1424 2745 1641 2812 incusa
1694 2747 2004 2829 SVESA,
2085 2741 2246 2835 quae
2281 2741 2417 2823 'fuit

841 2851 990 2918 urbs
1054 2848 1432 2936 Campaniae
1463 2846 1524 2928 ¹).
1644 2849 1824 2916 Haec
1870 2854 2051 2937 'ergo
2123 2849 2415 2938 exempla

808 2954 991 3052 ,satis
1045 2950 1321 3044 probant
1369 2954 1472 3037 jus
1530 2951 1654 3018 sibi
1710 2954 1776 3018 in
1831 2954 2221 3040 peregrinam
2281 2974 2412 3017 mo·

841 3066 1061 3125 netam
1108 3053 1508 3143 permissum,
1574 3054 1981 3142 valoremque
2048 3056 2109 3120 ei
2162 3054 2414 3143 publice

842 3159 1184 3228 definitum.
1270 3157 1376 3224 Ex
1430 3153 1650 3224 eadefn
1710 3151 2025 3239 doctrina,
2085 3159 2413 3246 prosequi·

841 3273 941 3330 tur
980 3259 1383 3332 ,Pellerinius
1408 3258 1515 3345 “),
1590 3271 1873 3328 tenemus
1947 3281 2224 3352 causamn,
2306 3283 2414 3328 cur

808 3365 1031 3453 ‚s‘aepe
1076 3363 1236 3441 duo,
1298 3362 1449 3450 quin
1504 3372 1566 3429 et
1618 3366 1739 3431 tria
1793 3365 2000 3452 sigilla
2057 3365 2166 3432 uni
2219 3386 2411 3455 numo

839 3468 1146 3556 impressa
1198 3465 1350 3561 sint,
1429 3464 1621 3531 Nam·
1649 3477 2061 3556 posteaquam
2104 3469 2258 3535 urbs
2302 3468 2411 3534 ali-

844 3559 967 3657 qua
1028 3587 1278 3640 numum
1343 3570 1736 3655 peregrinum
1802 3571 2040 3637 inserta
2110 3581 2265 3638 nota
2329 3571 2413 3636 ci-

768 3719 777 3724 ·
842 3671 1033 3738 vitate
1093 3669 1378 3752 donavit,
1449 3670 1502 3736 si
1567 3672 1620 3738 is
1688 3672 1851 3740 forte
1907 3674 1975 3740 in
2031 3674 2214 3740 aliam
2270 3675 2415 3741 civi·

843 3784 1031 3868 tatem
1072 3759 1365 3869 ‘delatus
1414 3785 1540 3855 est,
1613 3774 1771 3841 haec
1846 3773 2070 3842 eodem
2143 3777 2413 3843 consilio

844 3879 1097 3946 notam.
1147 3899 1322 3945 suam
1385 3875 1621 3959 intulit,
1713 3899 1837 3966 qua
1911 3888 2252 3967 conspecta
2309 3879 2416 3947 ad-

821 3984 1204 4050 'moneretur
1264 3979 1571 4070 populus,
1641 3985 1774 4067 ejus
1845 3980 2144 4070 deinceps
2213 4005 2413 4068 usum,

844 4095 1137 4174 tanquam
1179 4075 1481 4173 pecuniae
1523 4084 1931 4170 domesticae,
1978 4087 2370 4174 permissum.

1432 4442 1663 4452 Ἢ.-
1678 4445 1801 4454 aa*
1814 4447 1959 4456 ῃ--

987 4520 1050 4587 k)
1088 4540 1200 4588 pag.
1234 4514 1316 4573 [δίε.
1558 4524 1599 4587 l)
1632 4528 1700 4580 de
1739 4529 1843 4579 Pal.
1880 4530 2037 4601 Neap.
2076 4551 2125 4599 p.
2165 4526 2282 4592 249.

854 4603 918 4675 o)
954 4606 1140 4676 Suppl·
1176 4606 1233 4659 Π.
1271 4610 1376 4662 tab.
1411 4608 1496 4662 IV.
1531 4630 1585 4670 ιι,
1622 4612 1670 4666 7.
1707 4617 1756 4666 8.
1793 4619 1845 4672 9.
1966 4673 1974 4684 ‚

2359 4447 2862 4459 ...—--—-.--.-..—...-—.--

1752 482 2499 600 PnonEGOMENA
2564 485 3140 601 GENERAmA.
3227 561 3236 578 κ
3329 481 3338 494 ’
3451 532 3472 542 ·

2643 685 2889 766 Interea
2942 710 3076 755 non
3123 638 3317 774 negat
3357 685 3729 752 Pellerinius
3743 735 3762 768 ,
3783 685 4048 758 factum

2474 791 2659 857 etiam
2722 791 2946 874 fuisse,
2995 801 3094 857 ut
3169 791 3453 856 civitates
3518 798 3809 857 monetae
3879 789 4051 877 apud

2471 916 2544 959 se
2631 895 2909 981 signatae
2983 904 3166 960 notas
3234 891 3761 981 superadderent,
3850 891 4045 980 idque

2476 997 2744 1083 augendi
2808 1002 2943 1083 ejus
3017 995 3252 1070 valoris
3309 1016 3502 1088 causa
3517 995 3618 1080 “.).
3693 995 3849 1079 Ejus
3913 995 4045 1081 qui-

2476 1099 2620 1165 dem
2687 1101 2978 1186 exempla
3034 1093 3409 1167 nominatim
3473 1099 3613 1184 ipse
3674 1117 3806 1170 non
3878 1118 4046 1169 com·
4127 1111 4136 1119 ‘

2475 1214 2807 1285 memorat,
2870 1203 2984 1270 sed
3028 1223 3288 1290 possum
3333 1201 3662 1289 supplere,
3720 1195 3894 1287 quo'd
3938 1219 4049 1264 ne·

2473 1305 2832 1391 gligendu'm
2877 1309 3137 1394 putavit.
3226 1306 3300 1392 In
3344 1304 3547 1386 numis
3606 1303 3805 1372 tribus
3851 1301 4047 1383 Myti-

2471 1410 2832 1477 lenaeorum
2887 1410 3139 1475 maximi
3191 1387 3434 1475 moduli
3485 1407 3559 1473 L.
3603 1405 3789 1488 Veri,
3849 1405 4047 1470 r-Com

2477 1513 2685 1594 modi,
2757 1522 2821 1578 et
2875 1511 3236 1601 Crispinae,
3306 1533 3469 1600 quos
3532 1507 3731 1575 edidit
3794 1506 4049 1573 Pelleri-

2476 1617 2673 1682 rinius
2698 1615 2787 1703 ⁰),
2847 1626 2946 1681 est
2995 1618 3241 1701 signum
3296 1618 3580 1681 incusum
3633 1609 3908 1676 referens
3952 1610 4048 1675 in·

2479 1731 2714 1786 eertum
2773 1718 3108 1807 ,quoddam
3186 1739 3417 1786 numen
3485 1716 3758 1783 Hermae
3827 1713 4046 1798 figura,

2479 1823 2748 1910 navique
2827 1822 3208 1910 impositum.
3327 1820 3525 1908 Atqui
3588 1817 3756 1883 hunc
3826 1825 4050 1902 typum

2479 1927 2670 1998 fuisse
2733 1926 3059 2014 proprium
3122 1921 3688 2006 Mytilenaeorum,
3776 1919 3843 1983 in
3931 1919 4050 1982 110-

2477 2023 2612 2096 ruin
2679 2027 2910 2095 ιιιιιιιίιιΧ
2947 2028 3320 2120 videbimus.
3430 2023 3625 2090 Aliud
3694 2021 4051 2108 exemplum

2482 2133 2767 2201 dabimus
2809 2133 2876 2199 in
2921 2132 3123 2199 numis
3168 2131 3388 2212 Beryti
3435 2126 3829 2193 Phoeniciae.
3927 2191 3934 2197 ,

2652 2237 2944 2323 Exposui
3029 2235 3396 2306 sententiam
3463 2228 3782 2300 Penei-inii
3847 2230 4054 2312 cujus-

2483 2360 2729 2427 cunque
2793 2338 3023 2418 meriti,
3105 2337 3219 2416 sed
3288 2337 3472 2425 quam
3537 2335 3593 2401 is
3663 2333 4055 2400 Graecorum

2481 2451 2722 2508 tantum
2808 2451 3099 2516 monetae
3182 2436 3705 2505 adcommodavit.

2484 2561 2648 2632 qnae
2702 2546 2835 2629 ejus
2901 2544 2984 2609 de
3045 2544 3246 2608 numis
3307 2535 3736 2608 Romanorum
3800 2527 4054 2602 senten·

2482 2646 2608 2712 tia?
2695 2647 2897 2711 Causa
2955 2641 3096 2712 esse
3149 2668 3279 2713 non
3326 2646 3531 2734 potuit
3575 2653 3788 2710 auctus
3833 2661 4053 2706 mone-

2481 2760 2581 2815 tae
2633 2748 2842 2831 valor,
2904 2759 3008 2815 aut
3049 2752 3216 2836 quia
3271 2748 3338 2815 id
3390 2769 3587 2836 genus
3644 2747 3813 2812 numi
3871 2743 4060 2810 fuere

2483 2849 2811 2967 operarum
2873 2853 2977 2918 in
3002 2852 3330 2919 laboribus
3417 2850 3688 2939 publicis
3768 2849 4056 2913 testimo·

2481 2958 2616 3039 nia,
2706 2956 2880 3045 quod
2968 2965 3318 3073 utrumque
3378 2954 3532 3042 ipse
3600 2952 3733 3018 fere
3795 2947 4061 3016 fastidit.

2473 3060 2777 3128 Omnium
2831 3079 2984 3124 vero
3036 3059 3285 3124 minime
3338 3057 3497 3124 haec
3552 3057 3730 3142 signa
3791 3041 4112 3141 permis·

2435 3185 2647 3250 ⁴sum
2686 3163 2852 3229 intra
2909 3161 3172 3246 civitatis
3237 3153 3438 3226 fines
3472 3170 3760 3224 monetae
3824 3157 4061 3222 Roma-

2483 3285 2604 3331 nae
2662 3281 2843 3332 usnm
2908 3264 3185 3330 indicare
3247 3272 3571 3350 poterant,
3651 3262 3798 3350 quia
3855 3260 4060 3346 impe·

2481 3378 2772 3435 ratorum
2845 3375 3043 3433 aetate
3129 3385 3262 3432 non
3331 3369 3466 3454 ‚iam
3556 3364 3667 3430 illa
3725 3363 4065 3452 peregrina

2482 3471 2598 3538 fuit
2649 3470 2893 3551 habita,
2960 3468 3074 3535 sed
3130 3469 3475 3536 communis
3539 3467 3733 3535 totius
3787 3465 4059 3553 imperii,

2485 3574 2884 3661 omniumque
2947 3573 3426 3660 provinciarum.
3522 3569 3868 3637 Molestam
3926 3590 4060 3648 ma·

2481 3678 2701 3744 teriam
2755 3685 2823 3742 ut
2873 3673 3113 3756 finiam,
3143 3713 3153 3722 ·
3169 3679 3308 3761 ajo,
3383 3673 3541 3742 nihil
3589 3674 3890 3739 hactenus
3944 3693 4056 3737 so·

2483 3779 2599 3845 lidi
2673 3789 2736 3846 et
2815 3799 2942 3866 quo
3018 3776 3484 3846 difficultatibus
3564 3775 3854 3843 omnibus
3937 3776 4059 3842 ob·

2484 3883 2711 3965 vietur,
2802 3880 3080 3948 adlatum
3144 3902 3314 3964 esse,
3390 3879 3564 3969 quod
3631 3877 3909 3946 eruditus
3965 3876 4059 3945 le·

2485 3993 2624 4052 ctor
2690 3984 2791 4053 vel
2861 4005 2942 4049 ex
2999 3984 3111 4051 -his
3165 3985 3321 4074 ipsis
3383 3985 3536 4051 meis
3592 3979 4059 4049 commentariis

2482 4087 2669 4154 facile
2710 4087 3062 4177 perspiciet.

2525 4529 2604 4596 m)
2639 4531 2821 4602 Suppl.
2856 4531 2916 4587 11.
2951 4548 3066 4598 ρος.
3103 4523 3187 4585 8⁴⁰3.

3815 2434 4056 2498 Verum
4163 2421 4186 2434 ⁴

3413 4532 3471 4595 n)
3507 4528 3692 4598 Suppl·
3728 4527 3788 4579 ll.
3826 4546 3937 4595 pag.
3973 4527 4064 4583 67.
4119 4531 4158 4584 ἶ..
