4450 5542
804 512 1091 568 cxmv
1714 490 2461 602 PROLEGOMENA
2527 492 3111 568 GENERALIA.

807 657 1137 726 barbaram
1191 649 1719 744 praeferentibus,
1792 653 1932 722 aliis
1981 673 2151 738 eam,
2231 674 2392 744 quae
2460 676 2588 744 quo
2659 654 2788 746 de,
2813 662 3180 744 argumento
3229 654 3506 742 ,abunde
3577 663 3784 724 actum
3855 646 4032 726 alias.

802 768 1039 828 rectum
1099 762 1232 843 jam
1306 758 1617 824 tramitem
1689 756 1773 824 ad
1840 759 1989 825 artis
2052 757 2387 848 perfectio·
2459 760 2759 827 Ceterum
2846 770 3389 849 quantumcunque
3473 757 3810 828 barbaram
3893 758 4036 828 dixi

801 860 947 929 nem
972 859 1254 946 ingressa
1282 871 1403 926 est.
1461 859 1691 949 Neque
1717 859 1900 932 aliter
1934 862 2185 928 evenire
2224 859 2395 954 istud
2458 862 2790 951 pictmam,
2863 873 3072 931 tamen
3135 861 3399 930 multum
3457 872 3742 951 praestat
3791 863 3874 933 iis
3935 864 4036 931 rei

807 963 1017 1054 potuit
1036 1012 1055 1046 ,
1117 964 1415 1052 quoniam
1450 1005 1461 1013 ψ
1497 963 1726 1030 finibus
1784 965 1936 1030 satis
1989 963 2153 1030 laxis
2225 953 2392 1029 hanc
2456 966 2837 1033 monetariae
2908 966 3272 1049 abatibus,
3347 951 3530 1054 quos·
3587 964 3741 1033 olim
3808 964 4037 1054 populi

805 1066 1115 1157 epocham
1201 1066 1812 1152 circumscripsimus,
1928 1067 2189 1144 >Quare
2275 1085 2386 1131 nu·
2456 1090 2604 1136 vere
2689 1067 2943 1138 barbari
3027 1090 3456 1157 progenuere,
3543 1089 3659 1135 eeu
3720 1067 3884 1134 Daci
3967 1079 4036 1136 et

809 1174 933 1253 mi,
988 1165 1226 1258 quanto
1283 1169 1479 1255 magis
1522 1180 1671 1236 sunt
1711 1168 1994 1251 barbari,
2049 1175 2226 1234 tanto
2285 1176 2390 1234 aut
2454 1171 2673 1238 Moesi
2752 1169 3058 1239 imitando
3136 1193 3364 1239 numos
3431 1189 3649 1258 regum
3725 1169 4032 1240 Macedo-

807 1275 1034 1343 altiori·
1082 1272 1356 1361 tempori
1410 1272 1747 1354 debentur,
1829 1282 1936 1339 aut
1990 1270 2422 1360 existimandi!
2453 1275 2627 1357 niae,
2680 1273 3066 1342 Thasiorum
3111 1283 3233 1342 etc.
3251 1322 3276 1357 ,
3363 1273 3539 1342 Galli
3579 1294 3809 1342 numos
3851 1271 4032 1340 Mas-

778 1388 948 1446 -sunt
1000 1377 1224 1463 signati
1276 1377 1341 1441 in
1393 1375 1589 1458 urbe,
1660 1396 1837 1463 quae-
1873 1396 2052 1442 veras
2098 1375 2247 1440 artis
2288 1372 2379 1438 le·
2445 1378 2622 1445 siliae
2694 1386 2811 1445 etc.
2834 1427 2854 1460 ‚
2911 1397 3119 1466 neque
3169 1377 3567 1458 mirabimur,
3643 1379 4034 1446 Graecorum

807 1503 917 1569 ges
962 1479 1243 1546 nondum
1302 1479 1569 1565 recepit,
1628 1477 1803 1565 quod
1862 1499 1982 1543 nos
2032 1473 2376 1544 discrimen
2447 1490 2641 1547 artem
2681 1478 2803 1545 sub
2850 1481 2999 1547 artis
3041 1480 3268 1564 initiis,
3315 1501 3499 1569 quam
3539 1479 3665 1567 ipsi
3685 1479 4027 1562 invenere,

809 1581 1091 1670 cogimur
1143 1580 1409 1669 perinde
1464 1580 1729 1662 habere,
1798 1581 1944 1668 quia
2006 1584 2140 1665 ejus
2202 1601 2380 1666 repe·
2447 1583 2642 1650 fuisse
2707 1582 3095 1664 barbaram,
3153 1582 3414 1671 quando
3487 1582 3817 1650 memorati
3875 1581 4029 1648 -bar-

808 1685 1021 1754 riundi
1078 1683 1341 1751 facultas
1389 1686 1525 1769 jam
1578 1703 1713 1752 non
1754 1693 2058 1771 superest.
2170 1682 2381 1768 Hujus
2448 1687 2586 1754 bari
2658 1687 2974 1754 inventam
3032 1685 3114 1753 ab
3189 1686 3305 1767 iis,
3393 1683 3855 1774 perfectamque
3931 1703 4029 1757 ar-

809 1788 999 1877 igitur
1079 1786 1363 1874 epochae
1452 1808 1678 1853 numos
1764 1784 2104 1853 secundum
2146 1805 2161 1818 ·
2185 1787 2387 1852 varias
2455 1799 2580 1857 tem
2623 1811 2757 1856 non
2797 1796 3094 1877 poterant
3136 1788 3261 1855 nisi
3304 1769 3570 1856 barbare
3611 1786 3859 1868 imitari.

814 1891 1100 1980 picturae
1145 1911 1367 1956 causas
1411 1889 1831 1979 inspiciamus.
2626 1892 2807 1960 Alter
2872 1890 3100 1958 modus
3167 1890 3316 1957 huic
3388 1888 3672 1979 epochae
3733 1886 4033 1977 proprius

979 1993 1293 2059 Picturam
1374 1991 1715 2060 barbarae
1771 1991 2041 2058 adfinem
2120 1977 2393 2059 offerunt
2456 1994 2521 2061 in
2572 1996 2855 2064 violento
2912 1994 3334 2061 membrorum
3377 2004 3586 2076 motu,
3653 2001 3867 2078 gestu,
3927 1998 4031 2056 to·

806 2097 980 2164 numi
1040 2095 1461 2182 antiquissimi
1495 2097 1805 2164 variarum
1851 2095 2072 2163 Cretae
2115 2095 2384 2174 urbium,
2452 2098 2702 2187 tiusque
2743 2098 3032 2186 corporis
3060 2097 3183 2164 situ
3213 2097 3521 2177 consistit.
3608 2094 3887 2181 Insignia
3911 2091 4030 2159 hu·

794 2198 1366 2280 Eleutherum,
1456 2197 1676 2280 Lycti,
1753 2197 2063 2280 Rhauci‘„
2121 2221 2387 2288 quorum
2444 2203 2553 2288 Jus
2599 2202 2737 2268 stili
2790 2201 3082 2288 exempla
3137 2200 3544 2315 suppeditant
3579 2199 3798 2280 -numi,
3863 2217 4030 2285 quos
4165 2239 4180 2249 -

803 2303 1153 2369 iconismos
1212 2300 1361 2368 vide
1421 2301 1591 2389 apud
1644 2301 2015 2368 Hunterum.
2145 2300 2390 2367 Ibidem
2451 2313 2716 2391 propter
2776 2304 2931 2371 alias
2987 2325 3206 2370 omues
3252 2325 3473 2370 causas
3516 2322 3774 2368 neeesse
3816 2305 3915 2366 est
3957 2299 4029 2366 in

806 2405 980 2470 numi
1022 2405 1361 2500 'insigniter
1412 2405 1655 2491 antiqui
1719 2400 2070 2469 phaselidis
2118 2401 2380 2485 Lyciae.
2451 2406 2894 2495 antiquissimis
2937 2415 3173 2494 putare.
3279 2399 3358 2473 In
3411 2427 3606 2474 numo
3663 2402 3832 2490 apud
3885 2401 4029 2468 Pel-

676 2583 681 2586 Δ
754 2591 763 2598 ⁶
806 2491 1109 2592 Ejusdem
1152 2518 1297 2573 suut
1340 2515 1597 2573 naturae
1638 2507 1809 2571 numi
1851 2504 2000 2570 inde
2042 2526 2081 2569 a
2124 2504 2427 2570 Goltzio·
2452 2507 2736 2574 lerinium
2786 2509 3731 2596 (Suppl.1V.tab.II.n.10ae)
3783 2504 4030 2593 Apollo

802 2609 1018 2677 Lesbo
1064 2609 1313 2691 tributi,
1387 2608 1503 2675 sed
1562 2629 1724 2696 quos
1770 2629 1959 2674 ιιιιιιο
1985 2627 2125 2674 esse
2168 2607 2396 2676 Mace·
2451 2609 2655 2676 nudus
2699 2610 2868 2676 flexo
2898 2611 3212 2677 violenter
3254 2611 3532 2684 sinistro
3555 2630 3725 2710 genu
3764 2607 4033 2675 dextera

805 2711 1077 2782 donicos
1110 2721 1297 2794 certo
1358 2720 1637 2792 constat,
1713 2719 1791 2777 ιιι
1836 2709 2080 2776 dicetur
2133 2710 2200 2776 in
2251 2732 2383 2777 mo·
2449 2712 2764 2800 plectrum
2811 2713 3064 2780 attollit.
3173 2707 3252 2780 In
3293 2734 3485 2780 numo
3530 2713 3759 2779 Cnossi
3801 2710 4030 2778 Cretae

805 2825 951 2886 neta
992 2814 1219 2895 Lesbi,
1277 2815 1384 2903 qui
1426 2808 1772 2881 violentum
1811 2811 2093 2879 mulieris
2136 2822 2384 2900 raptum
2451 2814 2853 2882 Minotaurus
2915 2817 3089 2883 humi
3174 2816 3430 2883 sinistro
3519 2835 3686 2902 genn
3766 2807 4061 2882 innixus'

804 2919 1129 2988 exhibent.
1212 2915 1288 2983 In
1331 2917 1463 2999 his,
1507 2926 1579 2983 ut
1617 2915 1858 3004 reliqua
1900 2914 2181 3003 picturae
2203 2937 2383 2982 mon·
2423 2907 2713 2985 dextera
2778 2918 3040 3005 globum
3103 2917 3376 2999 attollit,
3463 2918 3779 2985 sinistram
3833 2913 4031 2986 nulla

803 3033 935 3092 stra
976 3030 1361 3112 praeteream
1374 3069 1394 3103 ,
1472 3019 1606 3086 sive
1660 3017 1921 3084 dextera
1982 3017 2259 3084 mulieris
2299 3021 2382 3086 'in
2450 3029 2789 3108 apparente
2890 3043 3080 3088 causa
3176 3020 3545 3108 distorquet.
3669 3018 4026 3106 (Pella-in.

805 3127 997 3194 altum
1039 3125 1233 3206 elata,
1310 3124 1444 3190 sive
1503 3122 1755 3188 sinistra
1806 3120 2077 3188 demissa
2130 3143 2382 3188 omnem
2450 3123 2603 3189 Rec.
2649 3122 2798 3210 111.)
2896 3125 2973 3190 In
3024 3124 3228 3198 numis
3284 3122 3654 3189 Camarinae
3706 3120 3875 3188 idem
3909 3132 4030 3190 ‚est

792 3234 1007 3317 justae
1052 3247 1381 3295 mensurae
1424 3219 1685 3294 modum
1713 3219 2050 3292 excedunt.
2134 3225 2381 3304 Quibus
2449 3224 2739 3292 'Nemesis
2781 3227 3238 3324 ingeniculata
3287 3225 3469 3292 situs.
3582 3222 3773 3290 Adde
3823 3224 4028 3291 inces-

801 3335 977 3400 numi
1027 3332 1152 3419 ipsi
1179 3337 1460 3417 praesto
1507 3348 1640 3394 non
1682 3335 1858 3407 sunt,
1934 3324 2121 3394 adeat
2161 3347 2380 3395 eorum
2449 3348 2590 3395 sum
2657 3328 2903 3397 Crimisi
2985 3339 3242 3395 naturae
3314 3327 3503 3416 plane
3569 3325 3884 3393 inimicum
3954 3325 4028 3396 in

802 3435 1106 3521 imagines
1150 3431 1321 3520 apud
1363 3431 1735 3498 Hunterum.
1823 3428 2015 3516 (Tab.
2058 3431 2164 3499 33.
2203 3451 2270 3498 ιι.
2319 3433 2380 3502 1·
2446 3430 2651 3498 numis
2704 3434 3004 3519 Segestae
3059 3429 3329 3498 Siciliae.
3443 3428 3641 3509 Quod
3691 3428 3759 3494 in
3807 3427 4026 3513 figuris

801 3529 972 3625 seq.)
1074 3533 1315 3616 Erunt,
1390 3534 1517 3620 qui·
1556 3551 1806 3597 causam
1846 3530 2194 3618 requirent,
2269 3554 2380 3598 cur
2446 3531 2732 3599 humanis
2792 3531 3062 3622 placuit,
3135 3530 3371 3621 placuit
3421 3529 3609 3598 etiam
3664 3530 3732 3598 in
3783 3530 4024 3619 fingen-

801 3639 1015 3707 malim
1065 3657 1293 3704 numos
1350 3633 1584 3701 similes
1641 3635 1922 3718 signatos
1964 3642 2238 3701 statuere
2278 3653 2376 3702 re-
2443 3633 2544 3702 dis
2598 3631 2954 3702 animalium
3016 3636 3313 3702 motibus.
3425 3633 3611 3699 Nihil
3680 3633 4044 3720 violentius„

666 3765 721 3786 ·‘
802 3751 1009 3811 moto
1025 3740 1143 3809 illo
1189 3759 1401 3820 aevo,
1454 3739 1519 3804 et
1572 3735 1689 3802 sub
1742 3736 1893 3802 artis
1939 3736 2217 3804 Graecae
2260 3738 2378 3822 iniq
2443 3746 2620 3805 motu
2675 3759 2933 3827 caprae,
3000 3757 3163 3825 quae
3211 3736 3462 3823 fingitur
3513 3737 3582 3804 in
3623 3737 3827 3804 numia
3869 3757 4022 3825 qua-

800 3847 942 3927 tiis,
1017 3865 1093 3913 ac
1150 3862 1283 3910 non
1339 3841 1552 3929 potius
1606 3837 1720 3905 illa
1771 3847 2004 3921 aetate,
2087 3851 2213 3926 qua
2275 3861 2377 3907 ars
2442 3839 2841 3930 liumcunqne
2939 3839 3255 3927 Aegarnm
3363 3838 3534 3927 apud
3644 3839 4019 3923 Hunterum,

742 4015 751 4022 .
798 3971 916 4039 per
983 3949 1260 4017 Graecas
1326 3943 1515 4010 urbes
1586 3964 1625 4008 a
1684 3962 1928 4008 summa
1985 3940 2379 4034 perfectione
2447 3940 2623 4028 (Tab
2653 3946 2778 4012 16.
2817 3964 2886 4010 ιι.
2937 3946 3191 4020 13.14.
3240 3942 3384 4028 15.)
3458 3941 3626 4010 adde
3666 3952 3910 4010 taurum
3949 3953 4021 4011 et

802 4052 887 4120 ad
942 4052 1223 4119 ultimam
1279 4045 1633 4115 barbariem
1692 4043 1994 4137 prolapsa
2058 4052 2173 4110 est.
2289 4047 2380 4114 At
2445 4043 2695 4111 leonem
2787 4046 2868 4110 in
2956 4064 3148 4111 numo
3233 4043 3508 4110 Aeanthi
3591 4043 4076 4120 Macedoniae„

803 4153 987 4221 facile
1030 4164 1160 4235 est,
1206 4151 1464 4220 dubium
1488 4145 1660 4217 istud
1689 4145 2011 4236 expedire.
2099 4147 2379 4232 Praeter·
2446 4146 2615 4236 apud
2656 4146 2943 4215 eundem.
3029 4146 3222 4231 (Tab.
3268 4153 3330 4218 1.
3373 4167 3439 4213 ιι.
3487 4149 3626 4229 16.)
3712 4149 3841 4229 Qui
3880 4169 4016 4217 vio*

806 4275 992 4344 quam
1045 4256 1221 4342 quod
1264 4255 1598 4343 peristases
1641 4271 1833 4340 supra
1873 4247 2119 4317 adlatae
2161 4271 2379 4319 eorum
2443 4248 2657 4318 lentos
2732 4249 3027 4340 corporis
3106 4258 3318 4318 motus
3395 4249 3594 4317 fnisse
3669 4250 4016 4319 artificibus

574 4387 579 4396 ·
708 4348 713 4354 ⁴
805 4357 1237 4475 antiquitatem
1276 4355 1639 4435 stabiliunt,
1703 4374 1964 4458 necesse
2007 4352 2203 4436 foret,
2255 4376 2375 4426 eos
2439 4352 2722 4421 Eumeis
2762 4353 3063 4442 proprios
3122 4350 3450 4434 dixerunt,
3516 4351 3774 4422 habent
3806 4356 3873 4423 in
3911 4354 4019 4424 his

748 4509 759 4516 ·
807 4458 1140 4530 detrudere
1204 4459 1273 4524 in
1340 4479 1419 4524 ea
1483 4461 1799 4542 tempora,
1882 4447 2115 4543 quibus
2188 4458 2376 4526 urbes
2442 4457 2646 4526 numia
2730 4454 3024 4547 exempla
3097 4454 3663 4540 vetustissimorum
3735 4458 4018 4538 Graece-
4119 4519 4136 4526 -

807 4566 1089 4632 Graecae
1154 4555 1338 4636 ferire
1406 4566 1723 4625 monetam
1768 4555 2015 4650 pridem
2066 4556 2419 4643 desivero,
2442 4577 2614 4643 rum,
2691 4579 2768 4625 ιο
2828 4557 3016 4626 mihi
3047 4555 3301 4646 quidem
3361 4556 3700 4640 vm’si'mile
3765 4578 4021 4647 sempoe
