4450 5542
1666 488 2178 561 CAPVT
2279 488 2434 560 Vll.
2869 516 2886 527 “
3197 544 3206 553 ι
3437 430 3595 567 axv

381 653 581 747 pn‘dii
622 652 993 723 suetudine
1032 673 1259 722 numos
1300 646 1482 742 ipsos
1524 647 1719 719 nobis
1745 672 1959 741 super-
2029 672 2254 718 aureos
2317 649 2658 739 generatim
2720 670 2805 716 ex
2868 670 3021 718 auro
3085 650 3325 739 optimo
3402 651 3595 721 fuisse

384 760 566 829 stites
622 756 1047 860 inspiciamus.
1140 756 1249 823 Ex
1303 754 1539 821 electro
1595 763 1741 822 sunt
1791 753 1965 824 numi
2028 754 2329 840 signatos.
2479 753 2586 821 De
2666 751 2942 819 Alexio
2989 753 3317 821 Comneno
3403 752 3597 822 refert
3643 788 3649 799 ·

382 862 676 951 plerique
731 880 952 948 regum
1005 857 1290 946 Bospori
1351 856 1697 939 Cimmerii,
1768 865 1837 923 ut
1899 864 1965 923 ε
2013 854 2342 937 Zonaras,
2415 876 2558 922 eum
2626 855 2694 924 in
2759 864 3070 943 expensas
3135 866 3452 924 monetam
3512 879 3596 927 ex

382 963 462 1046 ii,
535 963 649 1053 qui
695 961 893 1049 vulgo
937 959 1393 1029 panormitanis
1436 957 1815 1039 tribuuntur,
1870 966 1967 1040 ιγ·
2008 944 2395 1044 aequalibus
2443 958 2582 1023 auri
2636 965 2744 1024 aut
2792 957 2951 1023 aeris
3003 958 3286 1045 partibus
3338 959 3596 1027 mixtam
3680 970 3686 976 '

384 1088 476 1184 ρο
523 1064 673 1154 equi
713 1062 939 1133 stantis
984 1062 1090 1130 vel
1132 1061 1395 1149 palmae.
1481 1061 1587 1128 Ex
1625 1061 1967 1144 Syracusa-
2033 1058 2477 1146 adsignavisse.
2743 1104 2756 1113 -
3215 1118 3220 1125 .

385 1169 493 1235 nis
535 1166 793 1235 electrei
837 1174 985 1231 sunt
1018 1163 1245 1230 minuti
1281 1162 1407 1245 illi,
1466 1164 1575 1251 qui
1625 1184 1749 1230 uiia
1788 1172 1969 1250 parte
2525 1161 3100 1228 ARGENTVM.

388 1278 579 1358 eaput
632 1265 987 1355 Apollinis,
1064 1265 1262 1333 altera
1311 1264 1545 1347 lyram,
1612 1264 1715 1332 vel
1767 1252 1962 1353 tripo·
2234 1262 2510 1349 Agemus
2562 1264 2825 1351 primum
2884 1262 2967 1328 de
3015 1272 3277 1348 argento
3322 1264 3593 1333 Graeco·
3705 1312 3710 1317 -

385 1369 537 1441 dem
605 1369 939 1449 exhibent,
980 1367 1170 1449 alius
1245 1366 1499 1435 maximi
1560 1365 1808 1435 moduli
1862 1367 1961 1434 Si·
1986 1383 2192 1447 =rum,
2240 1363 2472 1431 deinde
2513 1364 3008 1434 Romanorum.-

386 1471 503 1541 des
555 1471 1008 1561 Pamphyliae,
1082 1490 1268 1558 quam
1319 1468 1495 1549 vide,
1578 1490 1712 1536 ιιοιι
1778 1470 1963 1558 pauci
2235 1467 2617 1534 Graecorum
2689 1475 3002 1535 monetam
3064 1465 3247 1548 inde,
3318 1489 3400 1533 ex
3465 1490 3594 1556 quo

384 1585 853 1664 postremorum
919 1571 1177 1639 orientis
1244 1572 1716 1660 imperatorum,
1783 1591 1961 1659 prae-
2026 1565 2198 1635 feriri
2281 1568 2533 1657 coepit,
2635 1568 2828 1638 fuisse
2912 1578 3150 1638 tantum
3221 1581 3593 1657 argenteam,

386 1678 571 1766 cipue
636 1678 840 1765 gentis
896 1675 1271 1742 comnenae
1369 1672 1566 1741 Numi
1628 1674 1777 1741 item
1844 1673 1959 1743 ΠΙ.
2026 1670 2360 1738 rarissimis
2414 1683 2546 1740 tum
2595 1671 2801 1761 adhuc
2859 1674 3095 1753 aureis,
3162 1670 3367 1739 obiter
3434 1673 3595 1740 disi·

383 1779 663 1861 formae,
760 1778 869 1867 qui
941 1774 1221 1875 Gallici
1245 1785 1572 1864 putantur,
1660 1775 1961 1865 multique
2025 1793 2164 1839 mus
2219 1773 2424 1861 capite
2477 1774 2552 1852 L,
2619 1784 2685 1841 et
2736 1773 2897 1841 infra
2956 1718 3269 1862 prolixius
3339 1775 3594 1843 doeebi·

385 1880 639 1949 barbari
695 1883 832 1965 ejus
886 1879 1165 1965 generis,
1238 1878 1347 1965 qui
1403 1878 1471 1943 in
1520 1876 1723 1945 Dacia
1783 1899 1960 1967 repe·
2026 1895 2163 1940 iniis
2217 1878 2423 1964 eapite
2473 1876 2648 1943 VIII.
2710 1879 2991 1944 Graecos
3034 1885 3394 1963 argenteos,
3461 1900 3590 1966 quo

364 1985 677 2057 fiuntur.
733 1980 935 2049 Addit
986 1980 1285 2048 Jobertus
1344 2000 1570 2047 numos
1624 2002 1841 2069 regum
1891 1981 1959 2049 in
2026 1985 2171 2043 sunt
2213 1978 2631 2066 antiquiores,
2693 1987 2871 2045 tanto
2905 2038 2910 2044 .
2940 1999 3081 2045 esse
3145 1980 3383 2065 argenti
3445 2002 3593 2068 pro·

385 2085 577 2154 Italia
618 2082 1067 2163 Gothorum‘).
1152 2082 1256 2149 En
1297 2081 1416 2149 tibi
1455 2087 1694 2169 justum
1739 2103 1957 2150 numo-
2025 2076 2256 2163 bioris,
2319 2080 2640 2168 magisque
2691 2078 2928 2163 nitidi,
2975 2081 3114 2168 ipsa
3169 2080 3361 2149 docet
3403 2102 3592 2173 expe·

384 2180 525 2257 runi
565 2209 649 2254 ex
710 2186 842 2252 hoc
896 2182 1187 2263 metallo
1205 2204 1547 2256 numerum.
1630 2184 1963 2274 Reliquum
2028 2181 2295 2264 rientia,
2376 2203 2582 2270 neque
2652 2182 2951 2251 hactenus
3024 2205 3064 2249 a
3137 2183 3339 2252 numis
3413 2187 3591 2274 ipsis,

386 2309 653 2359 examen
694 2288 919 2355 iterum
969 2270 1037 2354 iii
1077 2308 1181 2354 me
1229 2308 1366 2354 non
1413 2287 1685 2375 recipio,
1753 2289 1963 2355 sintne
2028 2305 2190 2372 quos
2249 2285 2730 2355 remotissimum
2784 2308 3005 2357 aevum
3057 2286 3248 2354 nobis
3307 2309 3442 2356 uon
3498 2291 3593 2358 in·
3660 2322 3703 2372 ,·
3843 2322 3854 2335 =

384 2392 561 2460 numi
612 2388 869 2457 electrei
919 2389 1148 2475 signati
1209 2398 1574 2476 propterea,
1647 2391 1829 2479 quia,
1892 2401 1964 2459 ut
2027 2385 2209 2469 vidit,
2302 2386 2656 2454 confirmari
2727 2386 2891 2472 vidi,
2976 2387 3154 2477 quod
3225 2398 3386 2456 teste
3465 2392 3593 2460 De·

383 2513 579 2583 supra
636 2489 813 2574 dixi,
901 2506 1117 2563 aurum
1158 2490 1267 2561 ab
1344 2500 1604 2577 argento
1672 2512 1961 2581 separare
2026 2487 2357 2559 mosthene
2398 2489 2744 2559 adfirmavit
2799 2491 3007 2559 Solon
3056 2490 3409 2579 legislator,
3453 2492 3604 2564 esse

383 2616 523 2665 non
580 2603 897 2661 noverunt
955 2603 1241 2676 veteres,
1327 2613 1411 2661 an
1474 2614 1559 2661 ex
1620 2594 1956 2683 proposito
2026 2592 2307 2662 civitates
2369 2614 2503 2661 non
2564 2615 2827 2684 paucas,
2888 2616 3048 2684 quae
3109 2596 3448 2683 propalam
3487 2621 3593 2667 aes

385 2697 600 2787 aliqua
650 2697 893 2783 argenti
961 2695 1175 2785 portio
1249 2715 1402 2763 auro
1458 2693 1645 2769 fuerit
1693 2698 1952 2767 sociata.
2024 2693 2129 2762 vel
2202 2695 2526 2814 plumbum
2613 2706 2909 2765 monetae
2983 2707 3313 2784 argenteae
3400 2698 3593 2768 admi·

382 2798 747 2868 Verisimile
788 2807 916 2880 est,
973 2820 1017 2866 a
1061 2795 1389 2866 nonnullis
1432 2785 1722 2887 populis,
1750 2821 1958 2891 prae-
2025 2806 2261 2880 sceant,
2329 2808 2392 2864 et
2443 2799 2536 2865 sic
2585 2820 2724 2867 eam
2775 2799 3161 2868 adulterent⁸
3166 2801 3230 2884 ),
3291 2802 3415 2869 nisi
3465 2804 3592 2871 for·

382 2901 577 2997 cipue
631 2901 739 2989 qui
790 2899 941 2966 artis
992 2897 1451 2987 metallurgicae
1505 2901 1711 2969 minus
1773 2902 1959 2989 periti
2024 2907 2086 2967 te
2114 2899 2268 2967 hoc
2317 2902 2573 2969 nomine
2625 2902 3010 2971 intellexerit
3062 2924 3290 2975 numos
3331 2905 3592 2993 pellicu-

385 3001 605 3091 ἕπεο,
668 3000 753 3069 ad
802 3000 1168 3089 signandam
1231 3002 1559 3089 pecuniam
1611 3001 1957 3072 adhibitum
2022 3001 2210 3084 latos,
2270 3001 2352 3069 de
2394 3003 2621 3090 quibus
2664 3004 2834 3072 alibi.
2917 3006 3006 3073 Et
3062 3027 3217 3074 vero
3275 3005 3383 3073 diu
3435 3007 3591 3074 haec

386 3120 650 3184 aarum,
720 3102 896 3191 quale
946 3127 1030 3172 ex
1085 3103 1325 3172 fodinis
1374 3103 1493 3172 fuit
1535 3115 1803 3189 erutum,
1872 3107 1954 3175 si·
2018 3104 2331 3197 inenumis
2373 3106 2631 3172 Graecis
2673 3108 2807 3175 sive
2848 3128 3101 3195 regum,
3158 3109 3290 3176 sive
3345 3107 3591 3177 urbium

381 3226 473 3275 ve
524 3224 777 3294 purum,
846 3204 1013 3279 sive.
1047 3206 1617 3296 quomodocunque
1671 3209 1954 3276 mixtum.
2020 3208 2260 3293 argenti
2313 3205 2599 3295 probitas
2654 3207 2917 3275 duravit.
3014 3209 3156 3276 Soli
3209 3210 3435 3292 Syriae
3492 3233 3588 3277 re·

380 3306 451 3374 A
511 3305 839 3377 nonnullis
914 3318 1123 3377 tamen
1186 3311 1371 3376 etiam
1436 3301 1975 3397 aliquid‘datum*
2018 3328 2130 3394 ges
2194 3329 2333 3373 eam
2395 3309 2690 3376 maturius
2752 3319 3193 3399 corruperunt3
3263 3330 3412 3380 nam
3453 3334 3588 3401 po-

382 3404 581 3475 fili-e
630 3409 951 3493 instituto,
1019 3409 1255 3498 colligo
1314 3432 1399 3480 ex
1438 3412 1642 3482 numis
1683 3411 1950 3494 Syracu·
2019 3418 2393 3478 stremoriim
2474 3430 2688 3498 regum
2767 3414 3046 3501 argentei
3124 3435 3264 3483 cum
3335 3436 3588 3503 praece·
3693 3482 3707 3495 ,

382 3520 719 3615 ψη,
764 3512 913 3599 qui,
952 3514 1073 3579 etsi
1112 3534 1339 3581 numos
1376 3514 1511 3584 sive
1551 3522 1951 3598 autonomos,
2020 3511 2298 3581 dentium
2349 3515 2551 3581 numis
2607 3518 2949 3603 comparati
3001 3517 3238 3604 pejoris
3291 3538 3433 3585 esse
3474 3541 3589 3587 no·

381 3612 523 3682 dvo
593 3633 869 3681 morum·
923 3634 1139 3701 regum
1219 3613 1797 3705 praefectorumque
1872 3638 1955 3684 ex
2022 3626 2125 3683 tae
2176 3614 2362 3684 facile
2413 3610 2882 3688 convincuntur.
2953 3618 3354 3688 -Caesaribus
3369 3636 3388 3659 ¹*
3412 3622 3590 3691 orbis

382 3712 725 3803 puin-imo
805 3732 962 3783 auro
1040 3716 1384 3799 cuderunt,
1471 3726 1678 3791 tamen
1751 3719 1955 3786 numis
2002 3719 2284 3806 'imperio
2337 3723 2554 3808 potitis
2610 3731 2715 3789 aut
2769 3726 3094 3789 cessavere
3145 3722 3335 3792 urbes
3391 3727 3587 3793 Grae·

212 3892 235 3899 ,
380 3814 725 3895 nonnullis
735 3862 769 3901 ,„
828 3840 888 3884 v.
920 3837 994 3935 g:
1044 3816 1485 3907 Apollineis,
1528 3842 1690 3908 quos
1756 3820 1952 3888 modo
2022 3842 2133 3888 cae
2204 3820 2390 3890 ferire
2462 3834 2810 3911 argentum,
2900 3833 3007 3890 aut
3073 3823 3236 3891 illud
3305 3820 3588 3912 ignobile

376 3917 747 4009 mvi,
792 3920 1049 3989 nonnisi
1086 3920 1385 3993 electrum
1427 3898 1707 3991 admensi
1744 3933 1909 3991 sunt.
2018 3922 2427 3992 reddiderunt
2492 3925 2769 3995 admixta
2832 3922 3068 3991 metalli
3138 3924 3379 3993 vilioris
3445 3949 3583 4016 par·

560 4016 885 4089 Fueritue
956 4032 1205 4111 praeter
1277 4033 1599 4112 argentum
1664 4035 1957 4093 monetae
2021 4033 2102 4092 te.
2192 4025 2348 4092 Non
2391 4036 2599 4095 tamen
2640 4026 2807 4095 istud
2850 4025 3078 4094 factum
3118 4037 3400 4115 repente.
3454 4030 3584 4096 Ex·
3609 4088 3616 4095 ,

372 4116 583 4189 vasti
620 4143 869 4192 aureae
939 4123 1150 4213 aliqua
1217 4124 1343 4192 alia
1412 4126 1653 4195 vilioris
1719 4127 1955 4195 metalli
2020 4136 2189 4195 stant
2235 4129 2411 4212 enim
2491 4148 2691 4215 usque
2744 4127 2826 4195 ad
2899 4127 3286 4197 Hadrianum
3359 4131 3582 4201 Antio-

370 4222 601 4313 [infin
664 4224 984 4317 admixta,
1065 4247 1200 4295 non
1265 4249 1529 4304 moror,
1606 4249 1745 4296 cum
1811 4250 1952 4296 cau
2022 4228 2196 4297 chiae
2254 4229 2478 4311 Syriae
2531 4230 2700 4297 numi
2749 4250 2832 4296 ex
2893 4239 3152 4319 argento
3221 4234 3582 4322 purissimo,

346 4340 455 4395 ι
470 4316 769 4427 instituti
817 4329 1020 4397 nostri
1069 4329 1337 4397 sufficiat
1377 4330 1661 4413 novisse,
1726 4348 1950 4397 numos
2019 4340 2083 4398 et
2135 4329 2414 4453 ejusdem
2465 4324 2883 4418 praestantiae
2944 4343 3090 4403 sunt
3151 4335 3324 4405 numi
3367 4337 3580 4405 inscri-

504 4542 950 4614 0¹1·in
1085 4545 1142 4614 ι)
1178 4550 1298 4603 ,ωδ
1333 4549 1519 4603 ‘riom
1456 4552 1858 4619 och-epam.

434 4638 593 4711 (roi
642 4642 725 4710 ι.)
1196 4698 1205 4705 ,
2783 4696 2796 4707 .
3141 4621 3186 4687 d
