4450 5542
257 1575 290 1586 Q

221 3994 254 4013 ae

2129 280 2142 317 Ι
2230 262 2241 267 ,

1495 530 1502 539 ·
1618 460 2796 619 n1srim1agss‘s
2996 461 3005 477 ’
3308 517 3375 609 Νχ
3579 514 3739 585 5·

415 702 530 745 sos
571 676 864 744 denarios
909 675 1163 744 Lentuli
1215 688 1279 745 et
1317 675 1586 745 Domitii
1637 670 1827 762 s'upra
1866 697 1992 742 me·
2058 675 2265 741 numis
2308 674 2617 769 argenteis
2660 671 2946 753 residuis,
2995 694 3156 759 quos
3200 692 3314 759 per
3332 658 3517 739 certa·
3535 674 3624 740 in·

413 774 716 846 moratos.
745 780 988 861 Quae
1030 780 1283 866 quidem
1323 780 1545 867 opinio
1604 778 1840 845 nullam
1881 778 1991 845 ha·
2059 777 2225 844 dicia
2268 776 2723 862 Hispanienses
2769 775 3092 859 novimus,
3155 774 3383 865 ‚nullus
3419 775 3627 841 hacte-

417 882 529 948 bet
581 883 714 948 veri
767 882 1044 968 speciem
1096 872 1458 971 propterea,
1517 878 1726 996 quod
1750 880 1990 948 varian-
2058 901 2176 946 nus
2221 889 2578 965 compertus
2624 879 2715 943 sit
2748 896 2887 943 cnm
2932 877 3214 962 bigarum
3258 887 3432 947 nota.
3501 876 3628 942 De-

411 994 514 1049 tes
555 984 698 1071 typi
747 991 812 1048 et
861 984 1238 1072 epigraphes
1281 970 1512 1051 literae
1552 981 1755 1050 varias
1801 984 1989 1061 etiam
2027 979 2203 1046 inde
2272 980 2449 1067 quod
2510 980 2760 1065 bigatos
2813 979 3030 1045 Livius
3095 981 3162 1044 in
3217 979 3456 1066 praeda
3514 979 3629 1046 Hi·

411 1085 607 1155 urbes
651 1083 942 1151 videntur
982 1084 1278 1181 indicare
1366 1087 1570 1169 Quam
1606 1092 1820 1162 tamen
1864 1101 1985 1167 ego
2054 1104 2254 1199 spana
2305 1083 2680 1162 numeravit,
2738 1103 2862 1168 qua
2916 1081 3058 1147 sola
3110 1081 3207 1146 illi
3251 1082 3496 1146 ratione
3539 1082 3630 1146 ni·

411 1185 617 1253 multo
675 1168 871 1272 m‘agis
919 1187 1104 1273 sequi
1147 1185 1358 1257 malim
1400 1207 1554 1274 prae
1597 1184 1791 1261 altera
1834 1183 1984 1251 Flo·
2054 1183 2125 1250 xi
2211 1182 2620 1251 domesticam
2706 1194 3018 1259 monetam
3086 1192 3335 1270 putant,
3408 1202 3641 1271 eorum·

408 1289 596 1365 rezii,
651 1290 1075 1375 conjicientis,
1133 1288 1362 1355 dictam
1414 1286 1580 1357 forte
1639 1287 1986 1373 Oscensem
2052 1288 2424 1355 sententiam
2508 1307 2671 1351 non
2717 1290 2903 1371 Juvat
2986 1294 3361 1372 propterea,
3451 1282 3629 1372 quod

409 1413 452 1456 a
507 1389 693 1457 Livio
760 1413 948 1457 causa
1013 1382 1379 1468 adfinitatis,
1452 1389 1754 1454 nimirum·
1806 1387 1984 1477 quod
2050 1386 2216 1473 idem
2274 1384 2525 1467 Livius,
2616 1387 2842 1474 quibus
2931 1387 3097 1479 locis
3172 1386 3502 1474 praedam·
3544 1406 3629 1453 ex

408 1492 636 1558 literae
688 1490 991 1578 Hispanis
1035 1491 1165 1559 'his
1239 1491 1442 1557 numis
1499 1491 1844 1577 inscriptae
1892 1490 1983 1555 vi·
2049 1489 2264 1557 Gallia
2352 1489 2673 1575 Cisalpina
2760 1500 3005 1576 captam
3058 1497 3423 1566 enumerat,
3512 1508 3624 1553 nu·

411 1592 681 1661 deantur
734 1594 968 1660 similes
1022 1593 1223 1660 literis
1260 1592 1449 1673 illis,
1519 1612 1681 1679 quae
1734 1594 1983 1675 exstant
2049 1612 2295 1656 morum
2371 1580 2626 1685 quoque
2693 1591 3045 1676 bigatorum
3116 1602 3417 1659 summam
3481 1611 3628 1677 pro-

411 1699 481 1764 in
581 1696 998 1766 monumentis
1086 1697 1398 1762 Oscorum
1488 1694 1864 1782 Campaniae
1893 1697 1996 1775 “).
2051 1692 2245 1778 div).
2341 1692 2530 1759 Vnde
2602 1704 2995 1781 sequeretur,
3069 1693 3296 1761 Gallos
3373 1713 3628 1783 quoque

409 1799 856 1885 Praeterquam
941 1800 1108 1865 enim
1193 1795 1368 1884 'quod
1417 1797 1752 1863 neminem
1823 1795 1982 1862 futu·
2056 1794 2417 1881 Cisalpinos
2504 1794 2823 1883 propriam
2910 1795 3237 1861 habuisse·
3288 1804 3625 1874 monetam,

393 1877 552 1968 ⁶rmn
617 1899 1002 1977 existimem,-
1068 1901 1176 1986 qui
1252 1918 1384 1964 non
1438 1898 1764 1964 continuo·
1794 1896 1985 1985 profi·
2053 1894 2136 1965 de
2180 1918 2307 1983 qua
2348 1896 2600 1984 quidem
2655 1899 2957 1963 hactenus
3016 1887 3176 1994 ixihjl
3233 1897 3421 1963 nobis
3476 1916 3625 1962 con·

393 2011 656 2082 tenter,
706 2005 1104 2087 conjecturae
1159 2000 1312 2067 huic
1357 2021 1440 2067 ne
1490 2001 1806 2071 minimum
1851 2000 1983 2086 qui·
2010 1996 2205 2078 stat,
2250 2009 2315 2064 et
2356 2021 2518 2078 eam,
2576 2000 2839 2088 perinde
2882 2009 3072 2088 atque
3117 1999 3622 2088 Hispaniensem,
3696 2012 3733 2094 ‘4

409 2103 559 2170 dem
629 2104 839 2170 inesse
906 2101 1401 2191 probabilitatis,
1474 2102 1602 2168 hoc
1669 2100 1784 2168 illa
1854 2123 1996 2168 uno
2051 2100 2218 2185 bigis
2250 2100 2564 2187 insignem
2607 2102 2819 2169 fuisse.
2875 2102 3112 2168 Melius
3156 2103 3343 2187 igitur
3373 2096 3479 2168 alii
3509 2123 3623 2167 no-

375 2209 541 2292 ·jam
602 2207 944 2289 evertitur,
1002 2203 1177 2292 q'uod
1239 2214 1369 2273 tum
1421 2203 1639 2269 Livius
1705 2202 1983 2271 dicturus
2049 2203 2218 2268 mine
2283 2200 2637 2289 bigatorum
2699 2204 3056 2291 intelligunt
3129 2204 3422 2272 denarios
3493 2205 3625 2272 Ro-

408 2328 566 2373 non
557 2305 809 2376 fuisset
865 2315 1232 2423 argentum
1236 2310 1519 2384 occense,
1561 2303 1696 2373 sed
1748 2309 1983 2373 oscum.
2033 2325 2302 2386 manos,
2362 2326 2629 2405 quorum
2693 2309 3066 2375 vetustiores
3120 2328 3414 2394 maguam
3485 2329 3624 2396 par·

407 2407 612 2476 Forte
663 2430 703 2474 a
763 2429 917 2474 vero
972 2428 1105 2474 non
1170 2384 1572 2486 aberravero,
1646 2406 1704 2470 si
1769 2406 1981 2473 existi·
2050 2410 2175 2472 te'm
2221 2404 2382 2492 bigis
2425 2409 2627 2475 notati
2668 2408 2862 2478 fuere.
2953 2410 3109 2478 Οιιιιι
3152 2408 3422 2478 Romani
3472 2409 3626 2479 inde
3686 2490 3695 2511 f
3796 2460 3805 2471 ,

323 2510 340 2519 “
411 2530 605 2589 mem,
683 2520 998 2576 monetam
1083 2511 1249 2585 hanc
1330 2507 1646 2574 communi
1721 2509 1986 2607 nomine
2050 2528 2092 2577 a
2130 2509 2522 2625 temporibus
2580 2504 3013 2580 Hannibalicis
3068 2502 3331 2601 magnos
3387 2514 3456 2583 iri
3510 2513 3624 2581 Hi·

411 2612 648 2680 dictam
688 2611 884 2679 fuisse
925 2613 1304 2690 oscensem,
1360 2592 1538 2698 quod
1589 2610 1755 2677 forte
1798 2612 1982 2698 primi
2049 2611 2271 2697 spania
2367 2613 2679 2679 exercitus
2776 2614 3042 2696 alerent,
3139 2636 3397 2684 necesse
3490 2615 3667 2715 suin

413 2714 591 2782 fuere
645 2715 990 2796 Oscenses,
1067 2714 1176 2801 qui
1243 2712 1363 2778 hac
1428 2711 1658 2793 forma,
1731 2723 1795 2779 et
1849 2714 1990 2780 hoc
2054 2733 2340 2799 magnam
2438 2713 2837 2782 denariorum
2927 2719 3049 2785 vim
3134 2716 3202 2787 in
3288 2718 3622 2808 stipendia,
3742 2810 3751 2821 ο

405 2815 698 2905 pondere
747 2824 1110 2901 argentum-
1124 2804 1560 2901 signaverunt,⁸
1629 2814 1769 2882 aliis
1814 2814 1986 2881 dein·
2051 2814 2343 2902 aliosque
2394 2814 2548 2883 belli
2584 2840 2756 2885 ·usus
2807 2820 3050 2902 inferri,
3105 2842 3343 2911 eosque
3393 2821 3626 2893 deinde

327 2918 498 2988 ,de
551 2916 896 3006 Hispaniae
945 2917 1208 2984 urbibus
1261 2915 1526 2984 eandem
1587 2916 1656 2981 in
1721 2919 1992 3007 pecunia.
2050 2914 2431 3004 populorum
2486 2911 2878 2989 commerciis
2934 2944 3050 3009 per
3103 2925 3453 2991 universam
3508 2925 3622 2989 Hi·
3704 2902 3715 2913 ¹

409 3034 532 3088 sua
571 3020 775 3107 legem
821 3019 1241 3106 sequentibus,
1287 3029 1357 3085 ut
1397 3034 1521 3083 nos
1563 3018 1845 3085 florenos
1877 3042 1983 3086 au·
2049 3019 2330 3107 spaniam
2395 3018 2651 3089 differri.
2760 3022 3085 3109 Praeclare
3158 3025 3330 3091 istud
3399 3027 3622 3097 iterum

407 3143 566 3189 reos
610 3120 900 3200 dicimus,
958 3142 1092 3188 non
1136 3118 1312 3238 quod
1352 3119 1716 3186 Florentiae
1758 3121 1986 3208 signati
2052 3123 2379 3187 confirmat
2418 3122 2664 3205 Livius,
2724 3146 2863 3189 cum
2916 3126 2983 3189 iu
3036 3147 3275 3192 summa
3327 3125 3653 3214 praedae,-

405 3232 579 3305 snnt,
624 3222 739 3289 sed
783 3220 958 3311 quod
1003 3224 1324 3310 praeivere
1363 3222 1737 3289 Florentini.
2011 3238 2241 3309 quam
2268 3221 2577 3299 ,Lentulus
2622 3246 2704 3291 ex
2736 3227 3046 3315 Hispania
3090 3229 3379 3295 citeriore
3424 3250 3621 3295 ovans

587 3314 804 3408 Bigoei
843 3323 1040 3393 altera
1064 3323 1358 3412 praedae
1365 3296 1808 3427 Hispaniensis
1834 3318 1982 3413 por
2049 3344 2201 3409 prae
2266 3344 2337 3389 se
2402 3326 2572 3408 tulit,
2637 3328 2812 3394 nulla
2862 3331 3104 3417 argenti
3160 3332 3460 3398 Oscensis
3516 3330 3622 3399 vel
3736 3294 3791 3361 .‘

301 3480 310 3489 .
403 3428 536 3506 tio,
589 3436 654 3492 et
691 3426 831 3514 1Ρεί
892 3435 1061 3491 certa
1103 3426 1536 3513 Hispanorum
1584 3438 1863 3507 moneta,
1917 3437 1982 3495 et
2050 3426 2244 3512 bigati
2327 3430 2677 3512 mentione,
2776 3428 2968 3498 refert
3066 3438 3302 3499 tantum
3383 3430 3633 3520 στέφεα·-

401 3527 756 3598 secundum
809 3537 907 3593 tot
948 3528 1112 3597 Livii
1170 3528 1527 3595 testimonia
1582 3530 1663 3596 ab
1712 3532 1981 3603 Oscensi
2045 3536 2275 3614 signati
2338 3533 2794 3601 DENARIOS
2849 3536 3104 3620 triginta
3169 3549 3423 3624 quatuor
3493 3541 3620 3606 mil-

403 3628 725 3697 distincta.
822 3628 1070 3696 Dictam
1128 3630 1399 3717 bigatam
1446 3648 1485 3699 a
1537 3630 1817 3718 bigarum
1878 3643 1984 3716 ty-
2046 3634 2133 3698 lia
2182 3644 2288 3699 etc.
2344 3635 2629 3701 nimirum
2702 3659 2863 3726 quos
2928 3639 3060 3705 alio
3111 3640 3276 3715 ‚loco
3343 3639 3621 3727 bigatos,

401 3754 540 3820 po,
606 3730 878 3799 dubitari
953 3734 1232 3820 nequit.
1253 3734 1390 3799 At
1463 3738 1680 3821 quaeri
1747 3745 1982 3824 potest,
2051 3734 2182 3799 hoc
2231 3731 2563 3817 denarios
2586 3738 2775 3821 dixit,
2848 3730 3023 3826 quod
3079 3742 3344 3845 perinde
3410 3744 3622 3832 utique

399 3833 690 3901 fueritne
734 3843 990 3902 moneta
1045 3835 1420 3915 domestica,
1493 3857 1575 3902 an
1638 3840 1983 3933 peregrina.
2050 3835 2438 3921 habendum,
2504 3851 2815 3931 utroque
2833 3845 3089 3909 nomine
3149 3853 3435 3910 monetae
3489 3847 3618 3912 Ro-

287 3930 637 4037 Fuisse
691 3934 1128 4018 domesticam,
1201 3935 1268 4002 id
1336 3946 1462 4004 est.
1535 3939 1616 4004 ab
1671 3926 1988 4027 Hispanis
2051 3961 2271 4007 manae
2311 3944 2608 4030 proprie,
2668 3945 2912 4011 tametsi
2971 3944 3307 4013 absurdum
3361 3967 3490 4013 non
3535 3949 3617 4015 sit
3712 4036 3723 4041 ι

287 4026 574 4127 ”ipsis
615 4039 993 4124 -signetamf,
1026 4042 1178 4127 post
1227 4038 1389 4104 alios
1446 4038 1713 4109 credidit
1754 4042 1981 4111 Mahu-
2052 4044 2327 4131 opinari,
2380 4045 2627 4127 Livium
2676 4045 3071 4113 denariorum
3116 4048 3381 4114 nomine
3432 4050 3619 4116 etiam

291 4210 302 4219 ,
395 4136 619 4211 delius
641 4142 738 4221 “,)
792 4140 906 4207 sed
950 4163 1112 4230 quae
1150 4141 1485 4208 sententia
1495 4152 1758 4229 propter
1800 4143 1980 4211 binas
2048 4159 2325 4213 numos
2356 4148 2673 4213 Oscenses
2756 4146 3173 4253 intellexisse,
3264 4172 3617 4240 quanquam

393 4258 631 4309 cusas
683 4212 840 4308 ferri
877 4244 1134 4331 nequit,
1189 4243 1454 4345 primum
1512 4243 1688 4332 quod
1741 4267 1823 4312 ex
1883 4256 1981 4314 tot
2046 4244 2251 4314 minus
2289 4251 2572 4336 proprie,
2636 4240 2813 4337 quia,
2867 4262 2936 4318 ut
2977 4251 3182 4340 capite
3215 4254 3273 4319 -.1
3326 4253 3614 4337 diximus,

543 4488 630 4559 ιιι)
660 4493 695 4547 Ι.
734 4512 779 4587 c.
815 4513 870 4563 Ρ.
911 4496 1028 4567 522..
1105 4456 1120 4465 -
1221 4519 1232 4526 ·
1271 4493 1333 4560 n)
1369 4494 1628 4551 Diu-‚sur
1662 4497 1733 4586 ies
1766 4516 1948 4553 monn.
1985 4500 2160 4569 d’Ecp.
2199 4519 2252 4569 Ρ.
2287 4494 2371 4554 ὁὶ.
2404 4578 2411 4585 .
2584 4500 2649 4569 ο)
2690 4499 2748 4553 L.
2784 4502 2959 4555 XXX.
2998 4523 3039 4556 c.
3075 4507 3160 4556 23.
3196 4519 3246 4558 et
3284 4505 3341 4558 L.
3376 4508 3651 4569 XXXVI,-

1917 4738 1934 4777 t
1987 4699 1995 4711 .
