4450 5542
1606 517 2742 604 CAPvTxx11··'
3067 587 3078 598 ,
3466 478 3884 633 αἰψ’...

446 684 657 753 nario=
714 681 1086 753 ANTONI.
1126 671 1561 754 ARMENIA.
1606 679 2013 776 DEVIUPA.
2082 684 2314 750 etiam
2330 689 2518 770 saepe
2579 641 2819 764 risum,
2906 681 3271 784 denarium
3308 643 3549 753 nullum
3615 711 3655 755 a
3781 745 3788 754 .

444 786 740 854 Nunnius
798 786 1036 862 Goltzii
1086 786 1392 889 interpres
1445 809 1604 856 eam
1635 789 1729 858 sic
1769 767 2010 875 explet:
2077 785 2355 870 Trajano
2410 786 2758 866 restitutum
2808 784 2877 850 in
2931 771 3211 874 copiosis
3255 791 3410 873 ejus
3453 783 3652 857 tabu·

438 888 994 955 ΑΡΜΕΝΙΑΣ.
1014 877 1868 968 ΚΑΤΑΔΟΥΛΩΣΗΣ.
1890 893 2010 958 Ar*
2076 885 2157 952 lis
2228 887 2591 986 memorari,
2657 886 2915 1003 quando
2971 888 3140 956 inde
3176 888 3258 955 ab
3303 892 3439 973 ejus
3486 885 3649 962 aeta·

434 1013 635 1059 ma
657 995 901 1057 deusde.
961 990 1139 1076 Ergo
1159 989 1587 1057 κατὰδουλοω
1630 990 1748 1057 sub
1791 1011 2019 1078 perso·
2076 997 2141 1054 te
2154 986 2252 1053 id
2292 1009 2490 1074 genus
2533 989 2704 1055 numi
2759 989 2841 1055 ad
2870 994 3113 1086 justum
3166 1012 3488 1059 numerum
3541 989 3650 1058 ad·

436 1114 524 1159 na
583 1086 785 1159 activa
852 1092 1163 1179 passivam
1223 1091 1414 1159 habet
1476 1085 2007 1179 significationem,
2077 1109 2348 1187 crevere.
2444 1089 2737 1176 Amplior
2788 1093 3096 1160 rariorum
3157 1113 3338 1178 seges
3392 1093 3459 1164 iu
3514 1115 3649 1160 ιιιο·

433 1203 509 1261 ιιι
605 1194 971 1261 Latinorum
1067 1199 1318 1278 vapulo,
1420 1199 1636 1262 veneo?
1772 1195 2031 1262 Paucas
2075 1200 2223 1258 neta
2292 1177 2444 1276 Jun'a
2511 1191 2797 1258 Caesaris
2877 1202 2942 1259 et
3011 1194 3281 1279 Augusti
3346 1179 3647 1278 excrevit,

438 1292 593 1362 dedi
637 1317 721 1364 ex
762 1293 1007 1363 infinita
1042 1306 1255 1382 segete
1295 1297 1530 1383 spicas,
1590 1295 1706 1364 sed
1748 1318 1832 1366 ex
1874 1298 2007 1386 qui·
2075 1316 2157 1359 ac
2209 1293 2546 1382 praecipue
2604 1293 2674 1359 in
2739 1304 2995 1380 moneta
3060 1290 3304 1363 urbium
3376 1293 3648 1384 populo·
3626 1334 3712 1360 ·--.
3797 1287 3808 1312 ³

432 1396 561 1464 bus
611 1397 743 1483 agri
793 1406 1013 1464 natura
1060 1407 1274 1487 potest
1334 1398 1663 1485 cognosci,
1730 1408 1796 1465 et
1856 1400 2006 1470 satis
2070 1415 2361 1482 rumque,
2433 1415 2594 1483 quae
2660 1396 2982 1482 posterior
3047 1418 3273 1464 numos
3345 1400 3705 1485 continet,

432 1507 729 1585 apparet,
802 1500 1002 1566 virum
1075 1508 1281 1569 cetera
1348 1499 1732 1589 praeclarum
1783 1499 2007 1567 Musas
2076 1507 2242 1585 quos
2278 1497 2479 1580 etiam
2538 1493 2882 1568 illustriora
2931 1509 3189 1566 nostrae
3241 1501 3461 1570 aetatis
3516 1524 3647 1569 mu·
3739 1567 3746 1576 ,

438 1601 717 1688 Graecas
768 1600 878 1672 vix
934 1624 972 1667 a
1013 1601 1224 1667 limine
1266 1600 1592 1671 salutasse.
1680 1581 1813 1680 Sed
1864 1603 2006 1670 mis-
2075 1618 2184 1692 sea
2247 1598 2370 1665 sibi
2447 1597 2744 1665 accedere
2803 1601 3166 1690 οιιρίιιιιι,
3208 1601 3444 1689 quod
3469 1612 3646 1671 tanto

432 1702 526 1767 sis
604 1700 706 1766 his
778 1695 1117 1774 numerum
1146 1702 1661 1774 Goltzianorum
1726 1703 2009 1771 indolem
2074 1700 2271 1786 magis
2337 1689 2559 1767 mirum
2628 1699 2829 1770 videri
2896 1700 3122 1794 debet,
3210 1705 3378 1792 quia
3427 1725 3647 1771 numo-

434 1800 779 1879 secundum
840 1803 952 1872 IV.
1010 1804 1311 1873 articulos
1377 1826 1566 1946 supra
1636 1807 2006 1896 propositos
2074 1823 2213 1872 rum
2287 1804 2672 1869 Graecorum
2744 1804 3177 1893 supplementa
3232 1803 3473 1874 Goltzii
3543 1830 3642 1874 ae·

436 1903 863 1992 exploremus.
986 1948 1007 2008 ¹.
1334 1935 1339 1940 ·
1464 1937 1479 1966 z
2074 1913 2204 1970 tate
2265 1903 2463 1970 multo
2537 1904 2881 1990 difficilius,
2974 1927 3160 1997 quam
3232 1906 3354 1975 hac
3424 1919 3644 1978 nostra

1072 2031 1179 2178 ·ς
1251 2097 1306 2168 L
2074 2006 2283 2093 parari
2325 2016 2641 2096 poterant.

435 2247 884 2332 Μαι-παραυ
949 2270 1291 2332 nummum,
1365 2241 2004 2337 qualecummoot,
2216 2314 2221 2319 ,
2761 2203 2954 2288 §11-
3567 2267 3578 2288 .

433 2347 2005 2443 aiimbdo,p1vbaestetsincera,exeeptaeae
2069 2360 2292 2444 MaJ'or
2394 2362 2838 2426 Golasianorum
2939 2367 3220 2426 numerus
3327 2360 3644 2428 mdubitate

604 2454 940 2537 archetypas
978 2460 1168 2532 venir,
1212 2461 1397 2542 its-quc
1435 2479 1611 2542 saepe
1650 2467 1830 2527 raris.
2070 2468 2353 2549 confictu
2414 2475 2534 2540 m
2606 2483 2682 2525 ac
2739 2466 3060 2544 mm&
3111 2471 3374 2548 gemam
3424 2455 3654 2530 Roma-⁴

2152 2586 2399 2642 mrum,
2457 2576 2516 2631 et
2569 2584 2715 2648 quoe
2767 2569 2831 2628 in
2882 2562 3211 2628 Thesauro
3269 2564 3361 2630 rei
3404 2565 3558 2630 anti·
3749 2590 3758 2601 ·

606 2619 893 2688 Necesse
932 2642 1068 2690 non
1108 2633 1224 2706 est,
1254 2605 1431 2692 hauc⁸
1443 2626 1653 2704 thesin
1681 2650 2037 2717 argumen-„
2373 2663 2626 2753 qum-120
2677 2664 3041 2735 huben-imo
3097 2657 3340 2733 ahma,

434 2721 518 2790 εἴη
570 2720 881 2804 stabilire,
939 2726 1087 2812 quia
1137 2747 1275 2792 eam
1320 2728 1557 2796 Goltzii
1581 2732 1837 2799 icones¹
1862 2754 2001 2799 cum

430 2824 671 2908 mimis,
761 2843 947 2913 quos
986 2827 1111 2914 ipsi
1166 2831 1476 2914 tenemus,
1553 2831 1821 2899 collatae
1892 2834 1999 2901 ab·
2139 2879 2147 2886 -
2242 2831 2561 2900 Goltzium
2619 2835 2687 2899 in
2743 2833 3043 2923 operibus
3096 2835 3225 2901 suis
3282 2833 3642 2908 incredibili
3741 2901 3748 2908 ,
3805 2841 3815 2854 ”

434 2923 605 2994 unde
632 2927 1081 3032 comprobant.
1170 2930 1429 3015 Addidi,
1471 2933 1550 2999 iis
1594 2955 1821 3008 numos
1865 2951 1996 3001 sae·
2065 2953 2326 3002 numero
2393 2935 2806 3023 proposuisse
2865 2955 3138 3017 numos,-
3198 2957 3474 3023 qnorum
3531 2936 3638 3004 de-

434 3048 523 3118 pe
559 3048 740 3096 raros
784 3007 1107 3099 contineri.
1192 3033 1319 3100 Est
1361 3041 1566 3102 tamen
1608 3017 1835 3103 borum
1875 3059 1995 3126 pro
2062 3035 2214 3102 inde
2267 3035 2376 3102 alii
2425 3038 2660 3104 similes
2715 3038 3039 3125 conspecti
3091 3056 3226 3104 non
3270 3046 3446 3119 sunt,
3502 3058 3637 3106 non
3769 3043 3784 3054 '

432 3130 624 3196 variis
666 3130 973 3198 classibus
1017 3132 1367 3202 discrimen.
1453 3138 1530 3203 In
1569 3138 1744 3205 fastis
1773 3144 2002 3205 consui
2065 3136 2262 3210 modo
2343 3159 2484 3206 non
2569 3138 2953 3219 inficiantur,
3053 3137 3168 3205 sed
3250 3137 3636 3216 admirantur

302 3261 325 3276 ν
430 3229 669 3300 laribus
726 3233 865 3300 vix
885 3233 1157 3349 aliquem
1203 3238 1478 3325 reperias
1543 3239 1863 3344 denarium
1917 3261 2035 3307 ex
2052 3237 2319 3329 quoque
2381 3240 2485 3308 vel
2545 3241 2625 3323 ii,
2701 3240 2856 3328 qui
2823 3238 3127 3305 Goltzio
3196 3241 3465 3310 maxime
3524 3261 3634 3329 pa-

428 3331 543 3415 ὡ,
600 3354 766 3450 quos
819 3356 940 3400 nos
990 3336 1059 3406 iu
1110 3338 1266 3403 raris
1325 3350 1646 3429 putamus,
1695 3333 2053 3430 rarosque
2062 3342 2467 3410 trocinantur.
2554 3343 2643 3408 At
2691 3340 2860 3408 istud
2903 3340 3106 3429 ipsum
3149 3341 3301 3410 viris
3347 3341 3631 3422 eruditis,
3649 3383 3668 3404 1

334 3499 345 3516 ,
428 3434 806 3522 experimur.
893 3436 1069 3503 Non
1078 3437 1211 3504 ibi
1187 3451 1580 3530 comparent
1631 3446 1800 3511 numi
1851 3461 1997 3531 gen·
2071 3465 2333 3532 quorum
2407 3464 2597 3532 supra
2666 3443 3022 3511 testimonia
3105 3442 3416 3531 produxi,
3493 3466 3635 3514 non
3699 3471 3711 3484 ·

428 3537 512 3602 tis
602 3536 855 3619 Arriae,
944 3540 1357 3627 Crepereiae,
1453 3544 1707 3629 Itiao,
1742 3547 2000 3632 Statiae,
2069 3556 2425 3634 suspectum
2469 3512 2674 3623 selum
2718 3556 2848 3630 est,
2906 3544 3022 3613 sed
3063 3545 3253 3634 plane
3301 3547 3632 3617 incredibi-

422 3636 859 3720 Commune,
967 3639 1300 3728 Horatiae,
1409 3645 1619 3715 nullus
1715 3647 1998 3732 Labieni,
2067 3648 2161 3732 le,
2204 3650 2489 3737 potuisse
2531 3647 2611 3716 ab
2655 3670 2783 3717 uno
2828 3649 3087 3716 homine
3128 3645 3490 3738 possideri3
3525 3660 3634 3718 aut

428 3727 640 3806 nullus
712 3723 954 3807 Sullae·
1014 3765 1266 3834 aureus,
1353 3767 1435 3813 ne
1522 3770 1706 3841 unus·
1744 3750 2000 3850 quidem
2068 3752 2251 3818 etiam
2302 3752 2370 3824 in
2422 3752 2696 3833 muscis,
2744 3773 2904 3841 quae
2957 3762 3107 3856 tunc
3157 3774 3273 3841 per
3311 3753 3632 3840 Europam

428 3841 584 3909 Sex.
644 3811 967 3930 Pompeji.
1038 3847 1110 3912 Si
1174 3848 1297 3915 hos
1349 3851 1669 3937 possedit,-
1741 3851 1997 3937 viditve,
2065 3852 2376 3940 claruere,
2483 3855 2768 3968 conspici
2852 3862 3022 3920 tanta
3109 3854 3340 3942 copia
3380 3874 3626 3930 numos,

429 3963 547 4010 cur
595 3943 677 4010 iis
727 3965 877 4012 usus
929 3966 1069 4013 non
1119 3959 1243 4031 est,
1301 3953 1633 4042 praecipue
1685 3959 1822 4020 cum
1882 3954 1996 4021 ho·
2065 3960 2241 4043 cujus
2283 3955 2460 4024 modi
2502 3939 2706 4045 neque
2746 3953 3094 4054 principum
3145 3964 3461 4040 sumptus,
3519 3975 3626 4021 ne-
3753 4021 3758 4032 ,

404 4065 571 4118 xum
614 4044 799 4111 multi
849 4046 1025 4116 fastis
1078 4051 1206 4117 suis
1259 4052 1524 4124 fuissent
1586 4057 1997 4124 ornamento?
2065 4080 2189 4146 que
2252 4056 2632 4147 locupletum
2696 4058 3120 4144 privatorum
3151 4056 3465 4124 obmata
3523 4078 3627 4123 cu·

424 4143 555 4216 sin·
588 4147 794 4233 ignoti
833 4147 1037 4234 fuere,
1083 4156 1229 4239 jure
1278 4157 1613 4256 possumus
1673 4157 1994 4245 dedongo
2064 4160 2346 4248 piditas,·
2383 4181 2598 4254 ‘neque
2649 4175 2894 4225 eorum
2916 4159 3269 4240 contentio,
3342 4160 3451 4248 qui
3511 4179 3628 4248 per

424 4247 837 4334 singularium
896 4255 1033 4339 ejus
1104 4277 1432 4325 numorum
1503 4260 1745 4356 agmine
1817 4259 1993 4328 dubi·
2065 4284 2314 4328 omnem
2387 4263 2575 4330 vitam
2638 4262 2825 4350 patrii
2892 4260 3018 4352 soli
3101 4261 3342 4328 viscera
3423 4264 3627 4332 rimati

428 4359 599 4433 tare,
664 4373 807 4418 cum
874 4376 961 4422 ne
1023 4379 1143 4424 eos
1204 4360 1455 4449 quidem
1484 4417 1489 4422 .
1514 4350 1831 4443 viderit,
1841 4386 1995 4452 quo·
2065 4375 2258 4446 sunt,
2305 4373 2373 4431 ut
2427 4364 2507 4431 ab
2563 4386 2644 4431 eo
2696 4364 2926 4432 veteris
2979 4374 3290 4434 monetae
3328 4364 3624 4454 reliquias

352 4455 569 4519 'sum
650 4462 871 4522 tamea
944 4457 1125 4544 plura
1208 4464 1586 4553 exemplaria
1654 4486 1736 4532 ex
1807 4467 1994 4533 variis
2062 4471 2535 4555 extorquerent,
2624 4468 2913 4536 obtinere
2976 4475 3330 4554 potuerunt.
3446 4464 3628 4533 Nihil

426 4554 633 4620 nostri
674 4556 828 4622 aevi
878 4563 1105 4628 muscis
1136 4569 1295 4633 sunt
1332 4577 1670 4655 comperta.
1757 4568 1992 4637 Mirum
2060 4578 2238 4638 erant
2300 4571 2686 4658 comparati
2706 4593 2846 4639 cum
2909 4571 3168 4639 Goltzio
3235 4583 3418 4655 reges
3472 4566 3670 4646 Gal-

422 4670 643 4740 (Vol.
665 4673 743 4740 1)
1050 4689 1061 4698 ‘
3206 4698 3235 4755 t
