4450 5542
712 641 721 648 ,
800 639 805 648 ,
867 563 1069 630 ωτι-
1358 509 1361 512 ’
1416 667 1425 672 ⁴
1610 533 1627 602 -’
1758 551 2502 658 PnoLEeoMENA
2572 497 3148 628 GENERALIA.
3227 613 3234 622 .

1036 715 1603 814 Frequentissimus
1644 714 1870 783 modus
1917 725 2014 783 est
2038 716 2214 783 urbis
2246 711 2431 784 ἑθνι·
2500 713 2684 785 ΝΟΟ.
2738 718 2813 801 )(
2873 713 3258 786 THMNGI
3261 715 3474 793 ΤΩΝ
3514 713 3649 782 vel:
3703 715 4079 786 HEAAA.

870 841 1017 901 κον,
1094 837 1225 885 seu
1261 816 1492 906 gentile
1548 818 1614 883 in
1670 809 1944 916 genitivo
1998 817 2257 910 plurali,
2331 827 2431 884 ιιι.
2497 819 2964 902 ΠΕΛᾼΗΣ.
3020 827 3169 900 etc„
3244 828 3322 885 at
3369 827 3502 885 tum
3561 838 3824 901 nomen,
3898 816 4079 923 quod

868 917 1343 1002 ΕΦΕΣΙΩΝ,
1405 899 1910 1016 ΘΕΣΣᾸΛΩ-
1896 923 1978 998 Ν,
2038 919 2478 1020 ΘΑΣΙΩΝ,
2507 930 2604 988 est
2659 920 2724 987 in
2779 920 3014 1002 antica,
3080 917 3185 988 vel
3255 919 3495 988 indicat
3541 921 3812 1007 genium
3881 901 4078 1003 urbis,

796 1035 805 1040 ’
868 1032 1019 1106 etc„
1092 1023 1158 1088 in
1225 1022 1492 1090 Latinis.
1534 1021 2080 1088 ..TYRIORVM
2214 997 2468 1088 Rarius
2505 1021 2610 1089 vel
2682 1020 3101 1106 Amazonem,
3189 1032 3296 1090 aut
3382 1041 3813 1112 quamcunque
3889 1022 4079 1090 sliam
4217 1007 4222 1014 ’

868 1124 1035 1192 idem
1088 1125 1394 1215 reperitur
1447 1127 1515 1191 in
1574 1145 1721 1194 casu
1783 1133 1959 1189 recto
2024 1120 2438 1190 multitudinis
2507 1146 2590 1191 ex
2664 1125 3029 1213 antiquitate
3115 1124 3476 1194 illustrem
3491 1123 3828 1208 feminam,
3916 1144 4080 1211 quae

868 1226 1158 1296 absolute
1237 1226 1486 1315 posit0,
1576 1235 1671 1294 ut:
1776 1224 2648 1309 v1³1³AJ<OAEYOIurbi
2690 1248 2923 1294 nomen
2970 1226 3159 1294 dedit.

867 1332 982 1397 AI
981 1332 1094 1398 NI
1096 1329 1239 1408 OI
1290 1335 1357 1395 at
1408 1327 1792 1416 frequentius
1850 1326 2062 1416 aliquo
2117 1338 2442 1416 praeterea
2601 1313 2905 1397 Restat
2968 1330 3196 1398 modus
3260 1350 3452 1408 unus,
3538 1330 3758 1417 isque
3792 1309 3925 1395 non
3980 1330 4075 1395 in·

730 1412 741 1424 ⁹
869 1432 1110 1514 addito,
1132 1442 1227 1498 ut:
1260 1427 1941 1530 IIEPTAMHNOI.
1962 1423 2438 1510 ΚΑΙΣΑΡΑ,
2507 1432 2833 1522 frequens,
2905 1455 3044 1499 cum
3096 1454 3216 1522 pro
3273 1431 3468 1500 solito
3528 1430 3743 1517 gentili
3796 1430 4076 1519 poneba·

868 1555 1120 1622 nempe:
1190 1537 1417 1613 colum,
1483 1537 1786 1600 honoram
1902 1531 1979 1596 In
2050 1549 2243 1597 numo
2308 1530 2437 1598 An·
2507 1545 2609 1612 tur
2661 1536 2835 1604 urbis
2885 1558 3230 1617 κτητικον,
3277 1540 3694 1621 postumum.
3767 1527 3901 1600 Sic
3951 1554 4075 1623 pro

784 1685 793 1694 ι
866 1636 1141 1706 tiochiae
1164 1636 1417 1720 Syriae:
1463 1633 1903 1706 ΚΑΙΣΑΡΙ.
1933 1632 2434 1722 ΣΕΒΑΣΤΩ.
2505 1637 2722 1725 gentili
2771 1636 3287 1707 ΘΕΣΠΙΕΩΝ
3319 1636 3610 1723 scribitur
3649 1637 4077 1734 possessivum

726 1739 751 1770 ⁸
782 1717 811 1808 x.
868 1738 1338 1808 APXIEPEI.
1370 1740 1443 1821 J(
1471 1733 2233 1803 APXIEPATIKON.
2267 1736 2438 1801 AN·
2509 1736 3035 1815 ΘΕΣΠΙΚΟΝ,
3113 1747 3176 1805 et
3247 1739 3340 1806 sic
3408 1745 3531 1827 pro
3605 1738 4076 1820 ΛΡΚΑΔΩΝ,
4185 1801 4190 1804 .

876 1838 1337 1922 ΤΙΟΧΕΙΣ.,
1380 1838 1450 1906 id
1494 1843 1618 1906 est:
1684 1841 1934 1905 Caesari
1973 1840 2252 1922 Augusto
2287 1861 2440 1922 pon
2505 1841 2925 1915 ΑΙΓΙΕΩΝ,
2967 1839 3468 1915 ΝΑΓΙΔΕΩΝ;
3506 1840 3828 1923 ΚΩΙΩΝ,
3865 1843 4080 1907 MAI

788 1965 805 1978 ι
868 1946 1017 2032 tffiei
1107 1946 1362 2007 maximo
1436 1943 1530 2006 ,ob
1614 1953 1949 2024 susceptum
2025 1946 2438 2030 pmuiflcatum
2509 1941 2788 2026 ΟΝΩΝ,
2872 1941 3280 2023 ΦΕΝΕΩΝ,
3360 1935 3814 2009 ΤΕΡΣΕΩΝ
3877 1942 4076 2028 (Tar-

866 2050 1186 2111 maximum
1257 2063 1557 2110 eorunm
1629 2045 2044 2111 Antioehmses
2123 2041 2436 2110 dedicant.
2504 2044 2847 2131 sensium),
2893 2041 3426 2124 ΒΙΣΑΛΤΩΝ,
3471 2044 3824 2112 scribuntur
3862 2064 4082 2114 eorum

868 2144 999 2214 Sed
1043 2155 1107 2213 et
1147 2147 1413 2235 copiosa
1455 2153 1601 2236 sunt
1632 2145 1933 2234 ‘exempla
1972 2143 2252 2230 ejusdem
2295 2167 2439 2232 gen·
2504 2149 2868 2239 possessiva
2909 2135 3479 2226 APKAAIKON,
3525 2147 3904 2230 ΑΙΓΙΟΝ,’
3922 2149 4076 2234 NA,

796 2307 809 2322 ,
867 2248 996 2318 tilis
1048 2258 1226 2315 recto
1282 2248 1532 2320 unitatis
1588 2247 1907 2336 expressi,
1981 2248 2317 2336 praecipue
2370 2249 2438 2315 in
2505 2249 2924 2323 ΓΙΔΙΚΟΝ,
2985 2246 3301 2321 ΚΩΙΟΝ,
3361 2247 3865 2326 ΜΑΙΟΝΙΟΝ,
3924 2251 4077 2316 ΦΕ-

566 2405 581 2434 ,
868 2352 1222 2419 autonomis
1280 2349 1762 2434 vetustioribus,
1841 2374 1906 2421 v.
1959 2371 2018 2437 g.
2092 2353 2224 2416 ΝΕ
2224 2350 2440 2418 0110-
2505 2355 2612 2424 NI
2613 2352 2825 2429 KON
2877 2349 3176 2417 ΤΕΡΣΙ
3177 2348 3395 2424 KON
3437 2350 3766 2419 ΒΙΣΑΛ
3773 2351 3874 2418 TI
3872 2351 4079 2429 KON
4219 2361 4234 2369 ’

720 2453 729 2466 “
868 2455 985 2520 AI
989 2455 1232 2535 ΤΗΣ
1280 2449 2022 2533 ΚΡΟΤΩΝΙΛΤΑΣ,
2080 2453 2222 2516 KA
2232 2452 2437 2519 ΤΛΩ
2507 2447 2942 2523 subaudiendo
3008 2447 3296 2516 nimirum
3363 2450 3522 2518 vel
3513 2476 3878 2539 νομισμα
3947 2454 4075 2537 vel,

870 2556 987 2623 NI
984 2557 1052 2620 A
1060 2556 1295 2635 ΤΑΣ
1342 2553 1462 2619 ΣΙ
1460 2554 1785 2634 ΡΙΝΟΣ
1831 2550 2235 2633 RECLNOS,
2282 2555 2442 2640 MAff
2504 2567 2576 2625 ut
2624 2557 2692 2623 in
2742 2553 3144 2652 Aegiensium
3197 2554 3428 2637 smmis,
3496 2555 4076 2635 ΗΜΙΟΒΕΛΙΝ.

872 2649 1243 2726 ΘΤΜΝΑΙ
1244 2655 1389 2730 ΟΣ
1407 2656 1691 2723 ΘΕΒΑΙ
1695 2654 1836 2736 ΟΣ
1844 2655 1979 2721 KA
1988 2656 2293 2722 TANAI
2293 2653 2438 2732 ΟΣ
2506 2641 2888 2739 ΑΙΓΙΟΝ,
2938 2658 3285 2725 semiobolus
3327 2658 3674 2741 Aegion-m,
3740 2657 3842 2730 vel
3904 2637 4077 2727 aliud

868 2768 989 2826 ete.
1053 2757 1209 2825 Non
1250 2779 1395 2828 raro
1442 2757 1675 2845 gentile
1717 2758 2094 2847 proponitur
2137 2758 2204 2822 in
2246 2755 2441 2824 dandi
2508 2759 2805 2852 quiddam
2864 2758 3280 2847 compositum
3339 2781 3380 2824 a
3433 2759 3727 2845 δραχμη,
3782 2759 3886 2834 vel
3926 2757 4079 2846 ὀβο-

870 2881 1019 2928 casu
1062 2859 1470 2928 multitudinis
1515 2882 1798 2943 numero,
1845 2860 1961 2928 sed
1984 2863 2144 2934 ιιιιιι
2179 2855 2438 2929 verbum
2509 2866 2640 2941 λος.
2724 2859 2894 2927 Vide
2949 2857 3108 2928 haec
3163 2883 3203 2927 a
3243 2881 3345 2927 me
3387 2859 3540 2930 olim
3567 2862 3907 2950 copiosius
3951 2862 4077 2932 dis-

869 2963 1323 3038 ΑΝΕΘΗΚΕ
1370 2963 1474 3030 vel
1528 2963 1808 3047 additur,
1875 2961 1980 3031 vel
2047 2962 2438 3046 subauditur,
2506 2973 2721 3055 putata
2747 2964 2839 3051 ¹¹.)

844 3076 963 3156 ἱιιι.
1049 3061 1538 3136 ΚΤΙΜΕΝΟΟ.
1618 3065 2219 3146 ANINHCIOIG„
2308 3063 2439 3132 vel:
2679 3067 2782 3134 De
2831 3065 3268 3136 terminatione
3317 3065 3383 3131 in
3442 3064 3574 3133 No
3618 3073 3682 3133 et
3728 3062 3874 3135 OM
3912 3077 3976 3135 et
4017 3068 4079 3134 R

868 3166 1393 3240 ΒΕΤΟΥΡΙΟΟ
1449 3168 2250 3250 T010.A1³KA01.,in
2303 3167 2444 3236 aliis
2515 3169 2718 3237 Oscis
2756 3177 2821 3236 et
2861 3167 3244 3236 Samnitibus
3303 3165 3622 3249 familiari,
3678 3178 3747 3234 ut
3788 3168 4079 3237 ROMA·

866 3269 1144 3358 plenius·
1209 3267 1738 3339 ΙΕΡΩΝΓΜΟΟ.
1782 3269 2251 3345 ΑΝΕΞΘΗΚΕ.
2297 3272 2442 3338 KY-
2511 3272 2686 3354 No,
2772 3266 3293 3348 ROMANOM,
3331 3267 3824 3352 LARINOR,
3910 3269 4078 3354 vide,

868 3370 1243 3452 MAIOIC„
1288 3365 1429 3438 de
1450 3395 1575 3462 qua
1637 3371 1910 3468 formula
1963 3393 2143 3460 agam
2194 3373 2264 3439 in
2305 3382 2440 3440 tra·
2512 3391 2672 3459 quae
2730 3367 2979 3438 docebo
3048 3368 3152 3433 in
3157 3365 3616 3436 dissertatione
3670 3371 3751 3437 11.
3814 3371 4078 3528 Campa·
4119 3380 4130 3388 '

845 3481 1040 3540 ectatu
1083 3470 1434 3557 singulari.
2507 3475 2649 3541 niae
2691 3472 2896 3540 numis
2938 3469 3239 3558 subjecta.
3329 3515 3336 3520 -

1041 3572 1297 3639 Nomen
1351 3572 1527 3639 urbis
1580 3572 1683 3648 vel
1723 3572 1949 3662 populi
1990 3571 2439 3664 nonnunquam

796 3691 805 3698 “
867 3674 938 3741 in
990 3682 1253 3761 utraque
1308 3675 1479 3740 numi
1530 3684 1708 3763 parte
1759 3677 2058 3764 scriptum
2113 3677 2435 3765 reperitur.
3198 3646 3231 3723 5
3274 3641 3392 3709 ῙΧ·
3558 3751 3574 3765 ‚
3611 3743 3616 3752 ,
3759 3721 3768 3736 ›

740 3837 759 3856 „
868 3777 980 3848 sic
1039 3777 1108 3845 in
1171 3776 1604 3864 antiquissimo
1675 3776 2089 3862 Methymnae
2154 3777 2443 3866 utrinque
2935 3745 3005 3810 D
3033 3766 3067 3812 ⁰
3135 3750 3182 3810 ἅ
3201 3767 3295 3811 ¹⁰
3322 3748 3348 3811 l
3375 3767 3407 3812 ⁶
3434 3767 3467 3809 ⁶
3494 3757 3519 3810 ί
3546 3771 3568 3811 ²
3594 3768 3648 3814 ⁸·

813 3905 817 3912 ·
867 3878 1552 3960 ΜΑΘΤΜΝΛΙΟΣ,
1607 3878 1707 3944 in
1728 3880 2168 3967 antiquissimis
2215 3881 2441 3947 Croto
2683 3877 2864 3956 Quae
2916 3875 3205 3947 auctores
3261 3888 3502 3950 veteres
3557 3879 3641 3944 de
3694 3879 4075 3960 Graecorum

869 3983 971 4050 nis
1057 3983 1346 4078 utrinque
1419 3979 1703 4062 QPOT,
1804 3983 1870 4046 in
1955 3982 2157 4050 numis
2226 3981 2443 4070 Pellae
2509 3978 2782 4046 coloniis
2844 3983 3188 4072 scripsere,
3262 3983 3465 4050 numis
3528 3981 3853 4066 insigniter
3905 4003 4092 4048 com--

869 4075 1293 4154 Macedoniae
1348 4082 1656 4170 utrinque
1684 4063 2256 4154 ΠΕΛΛΑΙΩΝ
2323 4092 2440 4151 etc.
2506 4082 2876 4171 probantur.
2957 4085 3126 4152 Nam
3179 4085 3236 4152 si
3291 4107 3415 4175 qua
3456 4084 3607 4152 urbs
3648 4084 3923 4152 Doricae
3959 4084 4077 4151 fuit

870 4186 1077 4272 Saepe
1126 4188 1196 4253 in
1248 4186 1454 4252 antica
1509 4184 1733 4271 legitur
1788 4207 1845 4251 v
1901 4203 1958 4270 g.
2016 4188 2170 4251 AM
2173 4185 2442 4252 ΦΙΠΟ
2503 4187 2790 4274 originis,
2833 4189 2901 4253 in
2942 4184 3146 4255 numis
3157 4187 3405 4258 locuta
3445 4196 3543 4256 est
3585 4186 3839 4269 Dorice,
3895 4188 3949 4252 si
3992 4179 4072 4255 ab

842 4289 1054 4366 ·AIC,
1102 4289 1168 4352 in
1217 4308 1433 4353 aversa
1473 4289 1632 4353 AM
1632 4288 1821 4354 ΦΙΠ
1825 4287 2047 4354 ΟΛΕΙ
2052 4292 2094 4353 Ι
2104 4288 2257 4370 ΩΝ
2304 4287 2436 4353 vel:
2511 4290 2772 4357 Ionibus
2823 4289 3158 4388 profecta,
3194 4290 3446 4369 Ionice,
3501 4288 3558 4354 si
3611 4290 3692 4356 ab
3746 4287 4075 4369 Aeolibus,

764 4467 769 4478 ,
872 4390 1276 4456 CMYPNA.
1308 4377 1382 4471 J(
1403 4389 1994 4469 GMYPNAIRN„
2025 4388 2156 4457 vel.
2206 4392 2446 4457 THM-
2507 4392 2791 4460 Aeolice.
2903 4393 3196 4460 Omnium
3265 4392 3670 4459 dialectorum
3742 4391 3808 4457 in
3871 4390 4074 4460 numis

1591 4521 2712 4562 &mn-...4

914 4637 936 4662 t
1006 4605 1269 4677 BONnm·
1310 4602 1647 4677 *hup-231¹
