4450 5542
1630 524 2156 598 CAPv‘r
2259 527 2476 598 xxn.
2671 491 2678 498 ’
2849 561 2864 568 -
3285 625 3290 630 .
3451 531 3800 597 mu·-

627 685 811 777 Opus‘
874 689 1315 775 conspicuum,
1385 696 1450 754 at
1505 685 1704 756 multo
1771 686 2022 754 lectori⁴
2087 688 2234 754 tarii
2287 699 2442 754 vero
2499 686 2696 772 magis
2752 700 2996 758 morum
3047 697 3408 776 praecepta,
3468 653 3662 774 quam·

444 788 599 856 bns
614 788 888 856 futurum
941 790 1209 877 gratius,
1271 788 1636 879 utiliusque,
1695 791 1751 858 si
1803 799 2023 858 auctor
2088 784 2472 892 antiquitatis
2534 788 2883 855 doctrinam
2948 788 3250 873 doceant,
3330 811 3463 859 non
3525 811 3648 857 am·

445 890 703 958 omissis
757 894 1134 978 conjecturis
1192 913 1382 1011 saepe
1432 893 1710 974 frivolis,
1768 903 1832 959 et
1885 914 2019 959 eru·
2085 891 2252 981 plius
2294 913 2675 979 magnopere
2718 891 3047 978 expetitur.-

444 985 712 1060 ditionis
764 993 968 1062 eluvie
1021 1014 1212 1082 saepe
1263 996 1537 1061 ιιίιιιίιιιιι
1573 995 1763 1082 longe
1818 1015 2019 1062 arces·

442 1095 663 1177 sines
698 1115 925 1184 saepe
941 1118 981 1163 a
1036 1118 1224 1164 eausa
1266 1098 1507 1164 alienae
1548 1098 1847 1194 arctiores
1895 1097 2015 1163 sibi
2259 1061 2446 1129 XIX·
2515 1063 2929 1142 JOAMVES'
2954 1063 3469 1130 HARDVINVS·

443 1197 609 1265 fines
676 1200 1201 1287 praescripsisset.
1334 1199 1515 1266 Ferri
1585 1210 1793 1267 tamen
1857 1198 2017 1266 haec
2259 1198 2553 1265 Omnium
2621 1197 3019 1264 confessione
3081 1207 3150 1263 ut
3210 1198 3308 1264 vir
3373 1216 3645 1262 summae

442 1310 744 1389 possent,
798 1300 915 1367 sed
974 1300 1170 1368 multo
1218 1302 1527 1370 absterret
1566 1304 1762 1390 magis
1806 1303 2012 1370 oratio
2081 1299 2455 1367 eruditionis
2497 1309 2564 1366 et
2604 1299 3059 1388 perspicaciae,
3116 1301 3206 1368 ita
3245 1299 3476 1388 ingenii
3518 1300 3643 1366 sin·
3689 1334 3696 1340 ·

446 1401 609 1469 dura
628 1393 717 1468 'et‘
750 1401 1094 1490 indigesta,
1152 1426 1290 1471 cum
1334 1406 1575 1471 auctori
1618 1428 1815 1495 pravo
1861 1427 2009 1472 con-
2078 1402 2342 1489 gularis,
2400 1404 2500 1468 cui
2553 1411 2734 1494 turpe
2774 1403 2976 1470 visum
3027 1404 3239 1469 sensui
3290 1424 3429 1470 sese
3473 1391 3640 1468 com·

440 1506 599 1572 silio
640 1506 916 1572 venisset
958 1507 1024 1572 in
1067 1517 1336 1574 mentem
1393 1506 1819 1595 dialogorum
1834 1507 2011 1596 sequi
2079 1507 2252 1572 muni
2329 1505 2678 1594 adplicare,
2766 1506 2998 1571 etiam
3020 1515 3181 1588 tum,
3269 1527 3408 1571 cum
3475 1503 3643 1571 istud
3771 1496 3782 1504 ⁴

444 1611 755 1678 rationem
850 1603 1407 1680 interlocutoribus
1502 1611 2009 1700 Archaeophilo,
2050 1609 2353 1675 veritas.
2373 1617 2459 1674 et
2543 1627 2697 1674 sana
2781 1609 2942 1708 ratio
3027 1608 3235 1694 palam
3319 1603 3658 1694 flagitaret..

442 1720 515 1778 et
556 1709 929 1791 Dulodoro‚
995 1713 1169 1800 quod
1224 1712 1541 1781 scribendi
1596 1734 1824 1804 genus,
1890 1714 2015 1781 nisi
2085 1713 2298 1790 Quare
2374 1732 2567 1799 opera
2639 1713 2775 1796 ejus
2850 1711 3277 1778 numismatica
3353 1708 3479 1787 (de
3542 1709 3644 1774 his

444 1814 773 1894 Veneres,
867 1813 1274 1903 Charitesque
1362 1815 1665 1884 calamum
1751 1816 2011 1899 ducant,
2080 1824 2317 1882 tantum
2371 1813 2524 1878 mihi
2587 1822 2840 1889 sermo)
2907 1824 2980 1880 ut
3036 1831 3169 1879 non
3230 1809 3642 1900 aspernanda,

446 1939 614 2010 qnae
672 1917 925 2003 Begero
971 1937 1284 2006 nunquam
1328 1917 1660 2000 adfulsisse
1702 1919 2012 2002 videntur,
2066 1917 2230 2005 *quia
2278 1914 2473 1984 multa
2527 1937 2681 1983 sane
2729 1915 3054 2005 praeclara
3109 1916 3470 1996 continent,
3558 1915 3644 1980 ita

446 2020 811 2101 obscuram,
895 2020 1348 2110 molestamque
1404 2021 1594 2087 efficit
1648 2023 2014 2089 orationem.
2081 2018 2355 2086 taedium
2409 2017 2780 2104 legentibus·
2815 2029 3076 2108 propter
3139 2020 3514 2106 ‘opinionum
3569 2015 3642 2082 li-

440 2120 633 2188 Istud
680 2130 946 2203 cer-timi,
1015 2144 1118 2189 me
1169 2145 1515 2212 nunquam,
1570 2125 1693 2190 nisi
1747 2126 2013 2198 reniten·
2084 2125 2350 2190 centiam
2394 2121 2696 2190 adserunt.
2771 2123 2940 2208 Rara
2980 2123 3166 2208 igitur
3208 2122 3359 2189 mihi
3402 2124 3470 2187 in
3511 2119 3642 2187 uni·

442 2233 613 2306 tem,
691 2224 921 2311 Begeri
995 2225 1313 2294 oraculum
1378 2226 1583 2309 adire,
1674 2227 1818 2313 quia
1870 2225 2015 2316 plus
2080 2248 2269 2302 verso
2325 2225 2453 2296 hoc
2508 2246 2702 2313 opere
2756 2226 2873 2292 viri
2938 2226 3124 2314 hujus
3187 2224 3643 2309 παραδοξοτα-

442 2321 932 2443 impendendum
998 2329 1300 2416 temporis
1376 2328 1797 2400 enucleandae
1834 2364 1843 2369 ·
1875 2352 2013 2397 ora·
2038 2335 2059 2344 ”
2080 2345 2219 2402 του
2250 2328 2369 2393 erit
2409 2329 2676 2408 mentio,
2734 2349 2815 2394 ne
2858 2327 3197 2394 refutandis
3254 2330 3386 2413 ejus
3430 2326 3641 2393 absur-

443 2429 640 2512 tioni,
686 2449 869 2516 quam
912 2428 1039 2517 ipsi
1082 2431 1466 2519 antiquitatis
1511 2452 1752 2498 causae.
2083 2428 2215 2512 dis,
2300 2429 2474 2518 quod
2528 2431 2779 2498 nimium
2830 2429 3187 2518 frequenter
3237 2431 3488 2502 evenire
3539 2448 3643 2494 ne-

618 2479 978 2599 Indefessus
1052 2533 1284 2619 Begeri
1354 2532 1540 2600 labor
1625 2534 1808 2621 plura
1892 2534 2016 2602 alia
2082 2554 2262 2600 cesse
2313 2524 2508 2615 foret',
2571 2533 2874 2622 temporis
2928 2542 2991 2601 et
3046 2533 3298 2598 chame
3338 2536 3644 2617 jacturam

444 2631 817 2726 opuscula
849 2634 1277 2701 numismatica
1366 2631 1736 2722 parturivit,
1852 2659 2016 2726 quae
2081 2634 2305 2701 faciam
2320 2675 2358 2717 ,ι
2405 2635 2694 2702 lubenter
2734 2635 3121 2724 praeclarum
3163 2635 3323 2702 illud
3364 2634 3644 2710 illustris,

446 2737 684 2805 omnia
728 2746 1015 2804 recenset
1083 2735 1471 2818 Bandurius,
1558 2736 1674 2804 sed
1748 2761 2013 2827 quorum
2083 2759 2158 2803 ac
2212 2736 2694 2805 moderatissimi
2746 2737 3173 2820 Barthelemyi
3236 2737 3319 2805 de
3375 2735 3646 2804 nardui-

442 2842 517 2907 in
548 2840 680 2907 hac
726 2840 876 2906 artis
929 2848 1184 2966 nostrae
1233 2837 1376 2907 luce
1426 2839 1694 2950 exiguus
1738 2844 1874 2926 Jam
1917 2851 2016 2908 est
2080 2860 2168 2906 no
2216 2837 2524 2923 judicium
2577 2833 2858 2905 secutus:
2946 2843 3064 2906 Les
3118 2862 3385 2922 opmons
3433 2846 3517 2906 du
3567 2841 3643 2905 P.

442 2965 619 3011 usus.
668 2981 685 2986 —
2080 2943 2400 3006 Ηανᾱοιιὺι
2451 2941 2694 3023 enfm‘t
2750 2945 2854 3007 des
2905 2941 3206 3008 mbdmillee
3266 2955 3645 3010 commarca&

2081 3041 2125 3109 ὰ
2172 3047 2391 3126 pertire
2448 3045 2504 3108 le
2553 3047 2710 3114 droit
2767 3041 2961 3109 d’e'tre
2989 3039 3366 3129 rffutdes'.)
3495 3043 3728 3118 111u--

604 3111 844 3181 XVIII·
894 3137 909 3144 ‘
928 3114 1054 3179 ΡΑ
1077 3115 1187 3179 VD
1203 3117 1311 3181 VS
1375 3114 1433 3179 Ρ
1448 3115 1854 3230 EDRVSI,
2083 3144 2342 3212 striores
2408 3142 2722 3209 Harduini
2785 3143 3249 3211 lucubrationes
3313 3147 3643 3213 numisma-

552 3267 575 3279 -
672 3245 695 3250 ·
837 3216 1177 3300 PETRVS
1218 3217 1624 3283 Plo-VENE-

619 3354 662 3417 I
695 3353 945 3419 cmm·
989 3375 1051 3418 m
1105 3375 1241 3431 oro,
1298 3363 1586 3436 argento,
1644 3349 2063 3435 Μιᾱαςῑίοιιι·
2080 3370 2274 3416 ιιιιιιιιι
2316 3348 2698 3414 inscribitur:
2794 3354 2997 3435 Opera
3035 3353 3267 3418 selecta.
3359 3353 3643 3420 Ammo·-

442 3470 557 3526 αι’.
614 3458 863 3520 raccolti
907 3456 1007 3521 nel
1045 3454 1311 3522 Famae
1364 3476 1582 3522 museo.
1669 3457 1743 3522 In
1784 3455 2016 3520 Parma
2081 3458 2244 3520 dumi
2286 3456 2473 3524 1709.
2527 3451 2808 3533 mfolio.
2897 3452 3206 3519 Alterum.
3303 3459 3646 3548 Operam-

448 3563 638 3631 1694.
658 3557 784 3639 sol
1910 3579 1913 3582 ·
2080 3564 2195 3625 ηἀ.
2231 3585 2238 3592 ’
2287 3557 2710 3623 Αηιαοῖοᾱωιιι·
2753 3560 2937 3627 1733.
2978 3556 3187 3642 insol.

508 3655 525 3674 ⁸
620 3661 804 3745 Opus
855 3655 1032 3726 istud
1049 3655 1359 3724 ‹scribere
1408 3677 1737 3745 aggressus
1780 3656 2013 3725 Pedru·
3461 3683 3466 3692 .

414 3763 616 3845 aius,
659 3761 837 3828 finito
882 3758 1203 3826 volumine
1245 3760 1420 3827 VIII.
1465 3761 1653 3828 vitam
1692 3749 1837 3868 ipse
1877 3760 2015 3827 fini-
2306 3726 2459 3804 XX·
2545 3728 3025 3796 LVDOVICVS
3057 3733 3113 3795 J
3112 3730 3416 3796 ΟΒΕΒΤ·

440 3867 557 3934 vit.
670 3843 985 3951 Coeptani
1066 3859 1261 3929 telam
1341 3873 1704 3949 persecutus
1792 3864 2013 3931 Piove-
2250 3865 2360 3931 la
2387 3867 2623 3933 socam
2674 3870 2781 3934 des
2818 3865 3146 3932 Madame-r.
3235 3867 3417 3932 Paris
3461 3870 3645 3935 1715.

360 4033 371 4043 ,
440 3971 605 4036 tiens
657 3965 977 4035 volumina
1010 3964 1109 4030 ·Π.
1170 3961 1452 4047 addidit,
1540 3966 1633 4031 sic
1685 3975 1755 4033 ut
1811 3977 2014 4034 totum
2089 3967 2210 4035 Vol.
2256 3969 2340 4033 II.
2383 3974 2447 4033 ὑι
2492 3971 2591 4036 12.

444 4091 613 4160 opus
684 4075 934 4135 constet
993 4066 1421 4134 voluminibus
1485 4066 1572 4134 X.
1703 4066 2015 4136 Habuerit
2257 4069 2442 4155 Opus
2492 4068 2664 4134 istud
2724 4066 2893 4133 mole
2946 4068 3236 4154 exiguum
3293 4067 3500 4134 statim
3564 4031 3644 4134 ab

441 4181 609 4252 tum,
696 4189 845 4236 cunr
921 4169 1239 4257 vulgatum
1323 4167 1471 4250 fuit,
1557 4187 1768 4237 veram
1840 4191 2016 4237 suam
2084 4149 2227 4237 ortu
2298 4190 2417 4235 suo
2482 4186 2706 4255 magna
2763 4167 3086 4238 voluntate
3153 4179 3250 4237 est
3301 4180 3643 4260 acceptum,

442 4273 792 4354 utilitatem.
880 4270 1132 4353 Hodie,
1188 4292 1327 4338 cum
1382 4272 1584 4354 numi,
1606 4341 1621 4348 ,
1643 4293 1805 4360 quos
1865 4263 2015 4340 con-⁹
2082 4275 2177 4339 sic
2227 4281 2300 4338 ut
2351 4292 2483 4338 non
2541 4271 2737 4339 multo
2796 4267 2947 4361 post
2988 4294 3056 4358 ιιι
3102 4295 3322 4342 omnes
3363 4274 3646 4343 cultioris

440 4377 639 4458 tinet,
693 4374 849 4442 satis
902 4372 1155 4444 aliunde
1210 4375 1338 4441 sint
1381 4374 1647 4461 cogniti,
1704 4397 2041 4454 commen<
2080 4368 2402 4463 Europae?
2432 4374 2675 4463 linguas
2732 4386 3092 4445 verteretur.
3143 4419 3146 4422 -
3189 4380 3436 4462 Serius,
3506 4400 3654 4445 cum

3019 4535 3201 4547 *-

544 4548 741 4661 “r)—B.
772 4593 833 4651 1..
866 4593 931 4647 Τ.
967 4594 1187 4649 mu.
1222 4615 1273 4666 p.
1313 4591 1436 4653 672.

2080 3247 2237 3320 tinas
2294 3244 2696 3333 suppeditant
2746 3246 3066 3314 volumina
3120 3246 3298 3330 bina,
3380 3269 3645 3337 quorum
3695 3259 3700 3265 ’
3822 3339 3826 3351 Ι
