4450 5542
1446 471 2097 641 ’01111111
2196 528 2282 597 x.

264 682 271 689 ’
327 681 613 759 efferunt.
704 687 792 755 Et
847 684 1094 755 duravit
1141 685 1246 752 hic
1296 684 1523 755 modus
1575 687 1641 754 in
1694 688 1915 778 ipsam«

1677 792 1893 861 Serius

322 896 491 965 numi
528 895 650 963 111.
676 893 917 961 formae
955 895 1021 960 in
1066 892 1331 961 formam
1372 893 1457 963 ΙΙ.
1492 905 1555 963 01
1596 896 1647 963 Ι.
1692 904 1891 961 trans-

320 1000 515 1078 ivere,
609 998 705 1065 sic
764 1006 999 1080 tamen,
1091 1007 1159 1065 ut
1188 1054 1191 1055 γ
1216 1008 1512 1086 quantum
1566 997 1893 1065 accederet

322 1101 688 1182 voluminis,
736 1178 749 1185 ,
816 1109 1056 1196 tantum
1153 1100 1570 1189 deperderent
1672 1100 1892 1169 solidi*

326 1214 460 1279 tate.
534 1207 697 1291 Ejus
718 1213 913 1271 testes
943 1204 1115 1271 numi
1142 1202 1615 1285 Atheniensium
1630 1254 1650 1289 ,
1700 1204 1889 1295 Chio-

324 1326 479 1390 rum,
542 1307 941 1389 Samiorum,
1009 1296 1414 1396 aliorumque.
1461 1313 1473 1329 “
1538 1307 1687 1376 Soli
1742 1306 1892 1374 Ale·

284 1474 305 1495 ,‚
324 1408 610 1478 murini
668 1409 951 1498 A'egypti
1012 1430 1239 1478 numos
1298 1434 1450 1479 suos
1515 1434 1671 1480 aevo
1738 1410 1892 1478 infe-

322 1514 483 1580 riore
532 1511 609 1581 in
664 1513 895 1581 arctius
955 1515 1223 1602 spatium
1274 1513 1575 1602 redegere
1623 1516 1746 1597 sic,
1825 1523 1895 1582 ut

326 1626 389 1683 et
428 1615 823 1685 soliditatem
864 1617 1232 1707 retinerent,
1300 1618 1480 1707 quod
1534 1618 1750 1689 videre
1792 1628 1889 1686 est

320 1719 381 1789 in
417 1719 633 1791 obviis
679 1740 899 1788 eorum
941 1722 1162 1787 numis.

775 1824 918 1891 A‘R
945 1824 1087 1891 &E
1099 1825 1172 1888 Ν
1188 1826 1244 1890 Τ
1266 1825 1426 1895 VM.

474 1923 759 2005 Graecia
824 1925 950 1993 late
1018 1937 1291 2015 sumpta,
1366 1948 1565 2015 eaque
1624 1925 1758 1991 sive
1814 1922 1887 1989 li-

278 2048 293 2054 ’
274 2022 489 2111 lma,
553 2028 698 2095 sive
760 2050 1030 2116 regnans
1102 2030 1256 2098 varii
1340 2028 1585 2096 moduli
1662 2049 1887 2096 numos

236 2116 531 2201 lnbm
583 2143 989 2218 argenteos.
1072 2133 1278 2203 Pauci
1316 2142 1488 2215 sunt,
1562 2132 1672 2219 qui
1726 2152 1886 2220 pon·

322 2212 462 2301 dere
500 2243 782 2324 quatuor
825 2209 1154 2304 drachmas
1194 2258 1555 2318 excessere,
1613 2234 1783 2302 unde
1825 2244 1890 2302 et

324 2328 466 2405 dieii
542 2336 1028 2427 tetradrachmi,
1146 2338 1333 2428 atque
1419 2340 1646 2409 horum
1733 2339 1885 2406 anti·

324 2438 597 2527 quissimi
650 2438 846 2508 solidi
897 2442 1092 2528 magis
1146 2452 1325 2525 sunt,
1402 2464 1585 2530 quam
1641 2442 1709 2509 in
1764 2464 1888 2508 am-

324 2541 505 2633 plina
540 2542 847 2613 volumen
917 2542 1183 2627 diducti,
1266 2567 1425 2665 quae
1481 2545 1713 2613 deinde
1773 2567 1888 2634 po-

322 2646 539 2715 :tutior
602 2644 823 2717 forma
884 2649 1184 2717 Graeciae
1251 2649 1446 2736 magis
1501 2631 1704 2717 cultae
1754 2647 1888 2737 pla·

326 2748 463 2817 cuit.
566 2748 813 2819 Confer
864 2749 1359 2821 tetradraehmos
1412 2752 1889 2827 Atheniensium

322 2852 785 2941 antiquissimos
849 2874 988 2921 cum
1045 2856 1337 2944 posteris.
1474 2856 1759 2924 Horum·
1795 2856 1889 2923 in·

323 2954 565 3041 signem
635 2944 880 3047 copiam
974 2959 1377 3048 suppeditant
1438 2958 1889 3042 Athenienses,

327 3054 583 3139 Thasii,
644 3059 891 3145 Aradii,
968 3061 1360 3146 Maronitae,
1426 3062 1686 3152 aliique,
1755 3072 1887 3129 tum

325 794 716 885 superiorum
780 789 1209 878 Augustorum
1273 799 1557 859 aetatem.

322 3165 389 3229 et
472 3158 833 3251 Philippus,
943 3164 1233 3255 filiusque
1314 3164 1682 3233 Alexander
1762 3156 1882 3246 M„

320 3266 383 3329 01
426 3259 713 3352 ploeique
762 3269 901 3352 ejus
954 3288 1352 3336 successores
1406 3287 1604 3354 reges.
1692 3265 1883 3335 Pauci

320 3364 384 3433 in
446 3366 837 3437 Graecorum
898 3379 1156 3469 argento
1227 3379 1507 3457 exstant,
1591 3378 1660 3436 ut
1723 3367 1879 3451 dixi,

321 3468 608 3557 pondoeis
677 3473 996 3543 auctioris.
1112 3473 1191 3540 In
1230 3493 1528 3562 praesens
1583 3492 1714 3539 non
1776 3492 1881 3538 oc·

320 3584 563 3651 uun-mit
614 3574 731 3643 alii
780 3584 1030 3663 praeter
1078 3574 1355 3644 illustres
1408 3576 1559 3643 illos
1613 3576 1660 3643 S
1665 3594 1879 3660 yracu-

321 3692 503 3749 mm
552 3687 687 3746 tam
729 3677 1081 3767 soliditate,
1142 3682 1326 3771 quam
1367 3676 1688 3746 volumine
1734 3699 1884 3744 con-

320 3779 565 3869 spicuos
656 3779 945 3869 pondere
1033 3780 1464 3850 drachmarum
1552 3793 1734 3863 octo,
1822 3790 1885 3849 et

318 3880 615 3971 mplius,
679 3906 847 3971 quos
866 3905 1005 3977 ‚suo
1049 3884 1200 3952 loco
1247 3884 1551 3955 dabimus.
1635 3884 1738 3952 Ab
1783 3883 1882 3951 his

320 3983 792 4059 machmis
858 3987 1015 4055 varii
1062 3986 1306 4055 deinde
1371 3998 1515 4055 sunt
1584 3987 1883 4081 deminuti

316 4082 459 4157 ἐπ’
526 4086 871 4177 ponderis,
992 4090 1127 4157 sive
1212 4089 1547 4181 vpluminis
1634 4091 1883 4178 gradus,

222 4216 236 4229 ·
318 4207 477 4277 quus
530 4190 799 4261 definire
840 4190 1091 4259 molesti
1145 4203 1313 4265 esset
1365 4192 1607 4265 laboris
1624 4242 1643 4276 ,
1700 4202 1885 4281 atque

318 4286 569 4363 mis.
616 4292 826 4366 „Istud
861 4317 1241 4365 memorasse
1269 4290 1615 4376 suffecerit,
1660 4314 1885 4367 numos

318 4404 655 4481 quatuos
754 4399 1140 4467 Graecorum
1234 4398 1682 4485 nonnullorum
1777 4399 1883 4466 ha·

321 4490 453 4567 hri
520 4498 611 4569 ad
697 4499 1013 4589 minimam
1109 4500 1483 4569 moleculam
1569 4501 1886 4583 reductos,

320 4604 387 4667 et
466 4620 555 4667 110
638 4622 833 4689 grana
909 4602 1178 4698 quidem-
1244 4606 1365 4672 tria
1437 4602 1888 4694 adpendentes,

382 4717 531 4789 (Vol.
568 4722 649 4789 1.)

880 4950 921 4959 0-

3359 552 3540 606 11le

1964 706 2127 776 quos
2195 654 2418 784 mirum
2488 685 2703 759 hercle
2784 698 2880 755 est
2950 710 3136 758 causa
3192 700 3316 758 tam
3387 715 3533 763 con·

1961 791 2141 858 tracti
2194 790 2530 860 voluminis
2590 790 2962 879 cupidorum
3022 793 3248 862 0011103
3313 794 3536 867 fallere

1959 913 2092 960 11011
2133 896 2438 982 potuisse.
2528 894 2697 961 Vide
2737 892 2922 982 hujus
2957 894 3214 984 ’80110113
3239 899 3533 969 numulos

1960 996 2027 1064 in
2070 1007 2323 1065 moneta
2377 996 2852 1064 Atheniensium
2906 1009 2971 1067 et
3027 1002 3533 1076 Tarentinorum.
3641 1010 3650 1015 ’
3769 1048 3788 1072 t

1962 1098 2156 1179 Quod
2196 1101 2293 1197 ⁴de
2331 1099 2806 1191 tetradi-achinis
2853 1090 3021 1182 dixi,
3089 1101 3171 1171 ad
3216 1125 3330 1172 eos
3375 1098 3532 1195 qno·

1959 1224 2110 1291 que,
2184 1203 2296 1292 qui
2350 1202 2670 1272 inferioris
2739 1214 2884 1272 sunt
2939 1205 3275 1295 ponderis,
3342 1209 3529 1295 valet,

1962 1327 2225 1394 quorum
2268 1316 2338 1377 ut
2378 1308 2485 1397 qui
2529 1316 2677 1375 311111
2718 1309 3162 1398 antiquissimi,
3207 1311 3301 1377 sic
3344 1313 3532 1379 etiam
3571 1326 3580 1333 '

1960 1409 2156 1497 magis
2234 1408 2456 1492 solidi,
2533 1411 2766 1496 figurae
2831 1409 3172 1497 globosae,
3247 1422 3354 1480 aut
3416 1415 3528 1483 ob·

1958 1511 2220 1600 longae,
2308 1511 2424 1580 sed
2494 1535 2657 1602 quos
2723 1512 2956 1582 deinde
3027 1514 3249 1585 cultius
3311 1539 3532 1587 aevum

1956 1615 2151 1704 magis
2225 1615 2596 1705 explicavit,
2683 1626 2748 1683 et
2823 1616 2907 1687 ad
2991 1618 3254 1686 formam
3333 1621 3582 1708 magis'

1954 1719 2207 1808 planam
2252 1741 2327 1785 ac
2367 1718 2702 1787 rotundam
2747 1718 2976 1807 adegit.-
3075 1705 3282 1789 Fuere
3323 1731 3533 1794 tamen

1956 1822 2142 1889 etiam
2192 1822 2356 1890 inter
2413 1823 2695 1895 Graecos
2760 1824 3227 1912 antiquissimos
3281 1828 3528 1915 populi,

1955 1927 2063 2014 qui
2118 1926 2185 1992 in
2228 1946 2557 1993 numorum
2610 1947 2790 1995 usum
2834 1936 3156 2021 argentum
3198 1928 3265 1993 in
3308 1938 3528 2000 tenues

1953 2027 2220 2095 laminas
2237 2036 2602 2115 coegerunt.
2691 2028 3074 2115 Hujusmodi
3117 2042 3264 2100 sunt
3308 2055 3527 2103 omnes
3639 2102 3646 2114 ,

1953 2129 2034 2211 11,
2098 2150 2264 2218 quos
2324 2136 2561 2199 incusas
2613 2131 3034 2219 appellamus,
3112 2137 3343 2225 quique
3387 2159 3532 2204 0111

1953 2252 2102 2315 nes,
2198 2242 2270 2300 ut
2355 2233 2506 2301 alibi
2591 2232 2989 2318 docebimus,
3085 2237 3154 2303 in
3214 2236 3527 2308 Lucaniae
3601 2280 3610 2286 -

1953 2335 2222 2424 huicque
2264 2336 2483 2405 vicinis
2529 2337 2785 2407 urbibus
2828 2338 3054 2426 signati
3096 2350 3260 2408 sunt.
3329 2341 3524 2411 Adde

1956 2461 2182 2507 numos
2249 2439 2496 2508 urbium
2546 2440 2927 2524 Sicularum,
3003 2444 3340 2533 praecipue
3401 2445 3524 2529 Sy·

1954 2562 2340 2625 racusarum,
2396 2543 2604 2627 Naxi,
2647 2544 2984 2615 Abacaeni'.
3073 2544 3205 2614 Sed
3246 2540 3352 2621 hic
3391 2569 3526 2616 mo·

1958 2645 2075 2714 dus
2134 2647 2440 2721 Graeciae
2526 2664 2817 2735 magnae,
2857 2668 2868 2675 ’
2909 2659 2972 2716 01
3026 2648 3281 2719 Siciliae
3366 2651 3526 2719 fines

1953 2750 2064 2818 vix
2115 2761 2213 2818 est
2258 2770 2562 2836 egressus.
2692 2751 2948 2819 Praeter
3000 2752 3123 2820 hos
3174 2754 3313 2823 aevi
3356 2764 3522 2822 vetu-

1957 2852 2232 2920 stissimi·
2273 2872 2500 2920 numos
2553 2850 2737 2920 etiam
2797 2865 3053 2922 moneta
3100 2877 3314 2945 regum
3375 2858 3523 2927 Per-

1955 2957 2087 3023 siae
2145 2955 2658 3055 Sassanidarum,
2723 2959 2832 3045 qui
2884 2980 3052 3027 anno
3107 2958 3176 3025 P.
3233 2958 3319 3029 X.
3373 2963 3522 3030 226.

1924 3079 2176 3136 everso
2254 3057 2627 3128 Parthorum
2697 3061 2963 3149 imperio
3035 3082 3300 3151 regnare
3377 3082 3520 3133 coe-

1950 3171 2206 3251 perunt,
2253 3163 2456 3229 tenuis
2502 3172 2600 3233 est
2632 3159 2915 3231 laminae.

2119 3264 2393 3330 Romani
2451 3286 2590 3332 cum
2648 3266 2915 3354 primum
2967 3272 3290 3350 argentum
3331 3263 3520 3332 ferire

1951 3376 2325 3455 coeperunt,
2391 3370 2526 3453 ejus
2569 3376 2696 3435 tam
2740 3368 3065 3450 volumen,
3125 3387 3312 3455 quam
3352 3389 3519 3439 cras-

1951 3469 2152 3538 sitiem
2210 3468 2294 3537 ad
2347 3468 2627 3537 cultioris
2670 3474 2806 3557 jam
2859 3481 2992 3541 tum
3040 3471 3343 3541 Graeciae
3385 3494 3517 3543 mo·

1951 3570 2099 3641 dum
2170 3572 2765 3663 adcommodavere,
2841 3583 2919 3643 et
2993 3583 3123 3641 tum
3201 3573 3515 3659 denarius,

1955 3671 2089 3765 0111ο
2145 3670 2502 3745 drachmam
2565 3676 2700 3763 fere
2737 3677 3095 3768 -adpendit,
3178 3687 3522 3769 temperata

1951 3777 2068 3847 fuit
2111 3777 2195 3847 ad
2236 3780 2534 3849 volumen
2577 3781 2891 3873 crassitie,
2928 3791 3015 3870 ,01
3070 3782 3161 3849 310
3203 3783 3519 3871 quinarius

1950 3904 2240 3971 quoque,
2300 3905 2374 3951 ac
2415 3884 2753 3952 sestertius.
2860 3882 3041 3951 Nulli
3085 3884 3188 3951 hic
3231 3883 3518 3953 didrach-

1950 3986 2067 4070 mi,
2116 3980 2240 4054 xaut
2293 3987 2393 4055 his
2447 3988 2793 4074 graviores,
2858 3984 3078 4055 saltem
3131 4007 3295 4073 quos
3343 3994 3515 4062 certo

1952 4098 2201 4157 constet
2241 4089 2308 4155 in
2351 4090 2506 4157 urbe
2550 4090 2831 4177 signatos
2845 4136 2865 4172 ,
2934 4087 3017 4155 de
3071 4107 3198 4206 0110
3245 4086 3515 4177 explica·

1934 4195 2073 4261 ⁸tius
2131 4212 2381 4279 agemus
2433 4193 2499 4257 in
2555 4200 2818 4261 tractatu
2875 4188 2955 4259 de
3022 4190 3238 4257 numis
3292 4211 3517 4261 consu·

1952 4294 2209 4369 laribus
2305 4276 2546 4361 Eadem
2590 4281 2818 4361 deinde
2860 4292 2968 4359 lex
3021 4294 3089 4361 in
3131 4302 3388 4361 moneta
3424 4314 3517 4361 ar-

1951 4406 2176 4487 gentea
2227 4394 2345 4462 sub
2387 4397 2684 4484 Augustis
2737 4416 2992 4485 quoque
3045 4419 3243 4487 usque
3295 4394 3377 4463 ad
3427 4396 3518 4462 in

1953 4501 2142 4568 serius
2195 4520 2412 4567 eorum
2467 4522 2685 4569 aevum
2739 4499 3003 4568 duravit.
3097 4500 3326 4588 Neque
3366 4519 3520 4566 vero

1955 4605 2025 4673 in
2100 4611 2351 4671 moneta
2427 4602 2599 4672 urbis
2678 4603 2937 4691 putandi
3022 4594 3182 4673 sunt'
3247 4601 3518 4689 1118011101

2959 4742 3167 4815 ,8κ
