4450 5542
11 2881 54 2940 ..*
15 2809 58 2838 ·.
15 2743 56 2774 τ
5 1857 70 2710 ξμτῌᾞ-Ῥ...

9 3153 48 3526 ἱ

2353 347 2565 408 ,ιι

2704 417 2745 484 ,h
2814 472 2838 496 ι

1693 485 2545 614 ἘΤΒνΒιᾸ.
2792 531 2933 542 ·’
3465 477 3817 627 ’ζέω

539 785 685 874 sunt
754 813 1020 866 massae-
1058 796 1208 862 illae
1278 817 1508 892 aeneae
1572 819 1685 866 seu
1757 798 2116 886 quadratae,

539 925 655 973 seu
708 890 984 984 cylindri
1037 898 1271 981 forma,
1341 905 1500 987 quae
1542 897 1831 989 utrinque
1874 899 2118 988 spinam

535 1007 905 1095 improesam
963 999 1270 1084 offerunt,
1329 1021 1485 1092 quas
1538 1001 1860 1069 Passerius
1901 1019 2122 1068 mone-

538 1116 645 1176 tae
696 1103 952 1171 Italicae
1006 1104 1286 1170 nomine
1313 1103 1589 1188 vulgavit
1615 1103 1693 1189 ¹.)
1791 1091 1922 1172 Sed
1960 1105 2119 1171 haec
2179 1113 2544 1193 opportune
2619 1108 2957 1190 conjunget
3031 1125 3136 1186 ea,
3224 1125 3434 1200 quae
3451 1107 3753 1186 continuo
3871 1087 3880 1115 ¹

457 1293 466 1300 ,
542 1206 918 1286 dubitantis
935 1214 1174 1272 tantum
1230 1226 1409 1272 more
1454 1206 1622 1272 dicta
1665 1215 1885 1284 sunto,
1953 1228 2115 1290 cum,

544 1332 730 1402 quem
783 1308 895 1375 illa
951 1306 1143 1374 alium
1195 1325 1372 1374 usum
1426 1307 1902 1394 praestiterint,
1957 1307 2114 1374 indi-

491 721 512 728 *
540 697 667 765 alia
733 693 970 788 figurae
1037 693 1237 786 magis
1309 661 1716 770 insolentis?
1766 694 2122 782 cujusmodi
2183 671 2568 786 magnopere
2620 700 2801 783 juvet
2864 717 3012 782 eos,
3083 699 3189 787 qui
3238 719 3316 766 ea
3356 698 3424 768 in
3467 708 3756 776 monetae

2183 821 2447 884 numero
2499 799 2785 870 habent.
3154 857 3163 866 ,

2684 899 2745 945 ιι
2933 940 3005 1004 st„
3101 911 3109 919 ,
3190 902 3236 946 ιιι

2357 999 2481 1072 His
2542 1001 2626 1068 de
2689 1001 2863 1088 gravi
2928 1022 3072 1069 aere
3136 1006 3484 1092 praeceptis
3552 1003 3756 1076 lector

2183 1207 2251 1278 in
2293 1205 2761 1304 prolegomenis
2805 1204 2888 1272 ad
2932 1221 3157 1272 numos
3199 1187 3505 1291 Etruriae,
3552 1219 3617 1276 et
3658 1232 3752 1276 se

2182 1309 2312 1375 rius
2367 1309 2432 1374 iu
2486 1301 2787 1378 tractatu
2776 1306 2888 1374 de
2927 1307 3130 1374 numis
3174 1308 3610 1380 consularibus
3654 1332 3752 1378 ca·
3786 1387 3791 1394 ,

545 1435 689 1482 care
729 1432 864 1479 non
905 1410 1168 1546 possim,
1213 1409 1358 1477 etsi
1374 1408 1544 1479 istud
1585 1410 1938 1538 ignoratum
1981 1427 2116 1504 non
2181 1412 2314 1498 pite
2354 1410 2440 1479 11.
2487 1415 2529 1496 §
2570 1411 2683 1484 111,
2729 1409 3111 1478 docebimus,

1585 1637 2775 1726 ETRVRJA.

716 1819 1150 1931 Praepotentis
1221 1787 1378 1912 olim
1455 1819 1721 1908 populi
1751 1815 2122 1892 numismata

537 1927 845 2007 superant
896 1909 1029 1987 non
1070 1922 1344 1988 maximo
1388 1941 1683 2002 numero,
1739 1943 1954 1992 eorum
1998 1923 2119 1990 sal·

447 2061 474 2068 fi
547 2030 701 2102 tem,
758 2021 985 2108 quibus
1031 2023 1204 2090 urbis
1248 2043 1481 2092 nomen
1521 2025 1911 2108 inscribitur,
1975 2047 2119 2092 nam

549 2122 854 2191 credibile
907 2133 1033 2205 est,
1101 2126 1406 2212 copiosos
1460 2147 1548 2194 ex
1593 2127 1710 2208 iis,
1772 2127 1882 2215 qui
1922 2149 2117 2210 asses,

435 2247 444 2256 ’
547 2234 658 2292 aut
710 2229 844 2310 eju's
897 2234 1106 2310 partes
1156 2226 1503 2315 insculptas
1540 2228 1804 2309 habent,
1871 2250 2118 2297 crassos

553 2336 621 2394 et
663 2321 998 2413 globosos,
1039 2327 1154 2394 sed
1196 2319 1550 2412 illiteratos,
1595 2329 1680 2396 de
1722 2330 1948 2417 quibus
1974 2352 2117 2417 pro-

449 2481 464 2489 ,
550 2425 760 2496 xime
778 2451 1059 2516 egeram,
1118 2451 1251 2496 non
1305 2434 1510 2499 minus
1550 2452 1668 2546 per
1709 2427 1899 2499 urbes
1937 2433 2121 2500 Etru·

546 2530 711 2612 riae,
782 2547 967 2619 quam
1037 2523 1377 2610 vicinarum
1435 2532 1799 2619 regionum
1816 2536 2117 2621 signatos,

548 2631 666 2699 sed
707 2654 871 2721 quos
913 2633 1090 2702 nulla
1132 2639 1492 2721 conjectura
1534 2634 1872 2702 discernas.

718 2734 884 2817 Aes,
951 2745 1022 2803 ut
1072 2737 1138 2803 in
1161 2735 1477 2822 ‘universo
1519 2734 1650 2801 hoc
1691 2746 1954 2820 tractu,
1988 2737 2121 2806 fere

552 2833 759 2902 solum
820 2834 1190 2905 dominatur.
1289 2838 1504 2905 Habet
1543 2848 1750 2905 tamen
1783 2846 2123 2932 argenter

551 2939 856 3026 copiosos
870 2987 891 3022 ,
927 2948 1023 3018 ,et
1073 2957 1229 3027 prae
1281 2941 1494 3028 aeneis
1557 2937 1751 3026 magis
1806 2938 2121 3030 parabiles

550 3037 832 3123 Faleris,
887 3044 1096 3127 ὀιῄιιε
1170 3063 1417 3108 causam
1488 3042 1555 3108 in
1624 3041 1748 3108 hae
1817 3041 2121 3109 dabimus.

551 3138 768 3237 Habet
853 3142 1058 3237 etiam·
1125 3153 1458 3230 argenteos
1532 3142 1920 3232 Populonia,
2006 3142 2122 3211 sed

549 3242 738 3310 valde
799 3265 1052 3312 raros..
1109 3246 1360 3336 Aureos
1429 3254 1495 3313 et
1545 3256 1882 3333 argenteos
1934 3231 2119 3313 Cosis

549 3339 824 3411 tributos
875 3346 1174 3428 aliorsum
1227 3369 1370 3432 esse
1419 3347 1828 3432 derivandos,
1900 3348 1967 3415 in
2008 3347 2120 3414 hu-

513 3447 653 3531 jus
694 3447 867 3515 urbis
910 3458 1162 3518 moneta
1203 3449 1632 3517 indicabimus.

712 3549 1088 3650 Epigraphe
1140 3552 1366 3637 partim
1407 3543 1674 3618 Etrusca
1717 3560 1837 3633 est,
1895 3552 2123 3650 partim

556 3635 815 3716 Graeca.
926 3653 1170 3719 Graeca
1222 3675 1372 3720 usae
1426 3662 1573 3721 sunt
1624 3649 1816 3720 solae
1853 3651 2123 3736 Faleris,

515 3756 622 3815 -et
675 3750 1052 3821 Graviscae
1069 3755 1154 3820 ob
1210 3776 1457 3835 causas,
1526 3775 1680 3842 quas
1735 3756 1803 3821 in
1854 3755 2160 3848 singula·

553 3845 693 3920 n'rm
746 3856 950 3921 numis
1003 3876 1463 3944 proponemus,
1519 3857 1785 3924 Etrusca
1824 3858 2123 3946 reliquae,

2187 1829 2456 1913 certum,
2553 1829 2757 1889 utrum
2843 1839 3052 1888 earum
3136 1779 3426 1888 Etruriae
3511 1819 3758 1888 urbium

2185 1915 2343 2005 sint,
2418 1922 2685 2009 quibus
2719 1943 2833 1989 eos
2906 1919 3290 1989 eruditorum
3361 1925 3759 2009 conjecturae

2186 2035 2359 2095 suut
2373 2023 2670 2110 largitae.
2733 2026 2937 2091 Extra
2977 2024 3292 2091 Etruriam
3333 2021 3533 2090 literis
3574 2024 3756 2092 Etru·
3790 2043 3821 2064 ··

2185 2129 2311 2196 scis
2386 2148 2614 2194 numos
2666 2133 2834 2214 ‚su'os
2904 2126 3284 2215 inscripsere
3310 2149 3319 2160 ⁸
3347 2125 3625 2195 leuviam
3692 2101 3761 2193 et
3852 2119 3859 2128 ’

2184 2228 2401 2295 Tuder
2440 2228 2740 2296 Vmbriae
2798 2228 3067 2316 oppida,
3122 2237 3189 2295 et
3229 2227 3522 2296 Larinum
3564 2226 3758 2295 Fren-

2184 2340 2490 2400 tanorum.
2598 2333 2759 2397 Tam
2823 2330 3006 2419 pauci
3072 2350 3213 2398 oum
3276 2338 3528 2397 exstent
3586 2330 3761 2400 numi

2183 2433 2468 2502 Etrusca
2512 2433 2828 2521 inscripti,
2882 2433 2988 2499 sic
3028 2440 3101 2498 ut
3165 2451 3249 2499 ex
3297 2430 3378 2498 iis
3432 2452 3516 2498 ne
3555 2439 3761 2510 totum
3833 2425 3845 2435 ’
3884 2485 3894 2497 .

2188 2534 2442 2624 quidem
2496 2533 2897 2622 alphabetum
2947 2533 3167 2602 haberi
3217 2531 3481 2625 possit,
3526 2554 3761 2624 operas

2067 2693 2092 2715 x
2185 2639 2453 2724 pretium
2515 2657 2649 2704 non
2715 2637 2958 2724 putavi,
3032 2636 3434 2703 Etruscarum
3496 2632 3763 2702 formam

2186 2739 2502 2820 literarum
2563 2759 2958 2827 proponere,
3047 2758 3229 2825 quas·
3270 2735 3469 2805 multo
3536 2735 3761 2816 libera·

2188 2841 2313 2908 lius
2388 2839 2793 2928 suppeditant
2844 2839 3215 2927 sarcophagi
3229 2888 3247 2920 ,
3318 2848 3601 2926 paterae,
3672 2850 3762 2907 ta·

2187 2941 2376 3009 bulae
2417 2943 2733 3028 signaque·
2760 2962 2971 3007 aenea.
3058 2939 3307 3006 Numes
3352 2942 3483 3008 aeri
3523 2933 3760 3008 incisos

2186 3043 2384 3114 habes
2444 3043 2510 3109 in
2569 3042 2889 3108 iconismis
2943 3039 3264 3129 Arigonii,
3330 3038 3498 3129 apud
3540 3040 3762 3122 Passe-

2185 3146 2345 3212 rium
2372 3149 2465 3227 y),
2525 3142 2979 3213 Guarnaccium
3006 3137 3097 3229 ⁸)‘,
3165 3150 3228 3209 et
3268 3140 3585 3212 literarum
3631 3135 3775 3214 for?

2187 3265 2352 3324 mam
2405 3258 2687 3314 exactam
2740 3244 2908 3361 apud
2964 3243 3068 3313 CI.
3123 3245 3433 3314 Lanzium·
3459 3248 3561 3331 “).
3638 3246 3761 3313 Ta·

2187 3370 2333 3415 men
2366 3349 2555 3422 infra
2613 3353 2807 3437 post
2826 3367 3053 3417 numos
3116 3345 3496 3440 Campaniae
3555 3345 3760 3413 litera·

2187 3469 2325 3517 rum
2384 3452 2786 3520 Etruscarum
2840 3451 3104 3518 formam
3155 3470 3283 3518 una
3336 3462 3477 3516 cum
3520 3449 3761 3518 Samni-
3786 3528 3809 3540 ,

2188 3552 2330 3620 ticis
2370 3547 2453 3621 et
2505 3555 2722 3648 Oscis,
2787 3552 2905 3622 sed
2965 3573 3049 3620 ex
3104 3554 3309 3622 numis
3358 3561 3598 3620 tantum
3652 3550 3762 3618 'da-
3820 3610 3831 3624 ,

2189 3654 3795 3722 bimus..

2264 3787 2269 3794 ·
2364 3756 2570 3876 Typi,
2638 3756 2785 3844 quia
2836 3756 2995 3824 nihil
3055 3745 3356 3838 offerunt,
3411 3754 3597 3850 quod
3648 3776 3763 3822 eos
3874 3781 3887 3791 ·

2167 3859 2485 3956 privatim
2539 3851 2920 3948 'distmguat,
2991 3867 3097 3927 aut
3144 3858 3603 3930 Etruscorum
3627 3878 3760 3939 my·

556 3963 932 4052 quanquam
966 3968 1029 4024 et
1078 3958 1228 4025 hae·
1235 3961 1518 4040 numero
1575 3981 1841 4048 paucae,
1907 3961 2128 4028 saltem
2193 3962 2577 4050 thologiam,
2655 3963 2841 4044 ritus,
2914 3959 3241 4042 historiam
3294 3957 3592 4039 mmm
3666 3979 3781 4068 ⁸⁰⁶,
3864 3941 3873 3950 x

557 4071 720 4142 quae
795 4067 1003 4126 certos
1075 4081 1245 4128 suos
1280 4061 1552 4129 habeant
1591 4081 1875 4144 numos,
1947 4063 2127 4128 nimi-

507 4161 694 4275 rum
733 4158 1158 4254 Volaterrae,
1232 4172 1296 4230 et
1345 4162 1754 4253 Populonia.
1833 4163 1933 4233 De
1984 4163 2126 4231 reli·

558 4259 700 4345 quis
760 4263 966 4330 numia
1029 4265 1294 4332 Etrusoe
1341 4267 1667 4356 inscriptis
1729 4285 1863 4333 non
1929 4279 2127 4358 aeque

2193 4065 2450 4153 paratos
2493 4064 2977 4132 commentarios
3028 4082 3163 4129 non
3203 4059 3545 4149 postulant.
3630 4059 3761 4141 Ty·

2193 4188 2422 4254 porum
2472 4185 2625 4234 vero
2683 4164 2892 4248 modi,
2963 4172 3258 4253 quantum
3302 4159 3384 4232 ad
3428 4160 3578 4229 artis
3621 4181 3763 4228 ean·

2193 4292 2298 4336 sas
2350 4267 2698 4356 pertinent,
2764 4265 2926 4356 nihil
2985 4267 3246 4336 omnino
3300 4262 3631 4334 conferunt
3681 4261 3764 4386 ad

690 4493 753 4561 x)
789 4496 1010 4569 Paralip-
1047 4499 1287 4570 θεωρεῖ.
1328 4499 1462 4566 Tah.
1496 4501 1540 4552 1.

691 4577 746 4645 a)
781 4581 1161 4649 Sassgio‘Tom.
1195 4586 1260 4640 11.
1294 4604 1410 4656 pag.
1445 4577 1528 4638 2⁴.
1562 4587 1672 4656 seq.

633 4657 786 4728 (1⁷01.
822 4664 900 4731 Ι.)

1697 4500 1772 4596 1),
1801 4502 1966 4560 Pml.
2003 4503 2237 4572 Dempst.

2332 4503 2336 4516 '
2412 4497 2471 4569 ι)
2506 4499 2655 4570 orig.
2685 4503 2797 4557 Ital.
2835 4501 2993 4561 Ἰοιιι.
3027 4501 3091 4558 Π.
