4450 5542
1633 522 1690 593 c
1742 522 1807 596 A
1858 522 1918 593 P
1969 461 2161 604 vu*
2265 483 2482 610 mxi,
2935 485 2940 490 ’
3452 485 3640 592 c'xxv

430 683 531 751 lis.
638 681 797 749 Pars
849 653 1071 754 aversa
1120 665 1292 748 numi
1343 652 1570 750 veteris
1625 680 1826 763 obvii,
1892 677 2011 749 se'd
2076 702 2226 750 vere
2278 653 2674 770 antiquorum
2729 680 2797 746 in
2854 681 3026 746 omni
3079 627 3335 746 metallo
3394 687 3459 745 et
3513 679 3640 747 for-

412 783 643 874 .probe
684 785 931 871 integri,
974 782 1125 848 lima
1165 783 1461 865 aufertur,
1517 792 1582 851 et
1598 785 1689 860 ίιι
1732 788 1879 871 ejus
1908 783 2010 850 lo·
2076 806 2206 866 ma,
2283 787 2389 874 qui
2459 804 2709 850 aversas
2776 781 3046 849 offerunt
3095 780 3194 856 ab
3254 781 3640 878 imperatori·

432 909 582 956 cum
610 907 735 975 ope
766 886 1040 952 matricis
1070 863 1411 952 deernae
1441 893 1630 973 typus
1674 887 1856 968 alius,
1902 885 2010 974 qui
2075 885 2228 969 bus,
2347 908 2569 953 uorum
2627 867 2906 973 praefixa
2960 892 3109 950 sunt
3165 886 3404 972 capita,
3467 883 3641 951 alie·

340 1025 357 1040 *-
428 999 714 1058 veterem
754 977 1046 1067 imitetur,
1091 987 1477 1074 imprimitur,
1514 988 1699 1077 quod
1737 989 1826 1070 fit,
1870 1009 2008 1074 par-
2075 1010 2210 1056 nas.
2378 1010 2548 1056 arum
2602 1005 2789 1054 causa
2839 986 3314 1075 perversitatum
3368 983 3485 1052 fuit
3537 995 3644 1054 aut

433 1101 600 1174 mm,
655 1111 781 1179 qua
822 1098 1011 1177 caput
1050 1097 1178 1171 est,
1234 1088 1613 1177 applicando
1659 1091 2009 1184 chartarum
2078 1091 2415 1168 oscitantia
2476 1091 2963 1158 monetariorum
2987 1098 3036 1172 ,·
3081 1096 3188 1154 aut
3258 1081 3426 1154 fraus
3498 1087 3640 1153 arti-
3665 1113 3672 1120 0

428 1192 625 1274 strui,
676 1213 759 1262 ne
812 1200 999 1280 caput
1049 1192 1211 1258 ictus
1264 1191 1655 1282 vehementia
1706 1192 2007 1260 subsidat.
2079 1194 2299 1276 ficum,
2334 1198 2468 1279 jam
2511 1205 2723 1260 vetere
2767 1181 2926 1260 aevo
2967 1199 3283 1274 monetam
3323 1187 3639 1277 publicam

431 1295 584 1362 Hac
624 1295 811 1381 igitur
852 1293 1100 1360 ratione
1136 1314 1357 1366 numus
1385 1295 1600 1364 existit
1624 1295 1900 1382 elegans,
1945 1304 2011 1363 et
2078 1295 2676 1385 corrumpentium:

424 1396 495 1463 si
536 1395 759 1463 dexter
802 1394 933 1468 fuit„
958 1395 1232 1468 matricis
1276 1418 1481 1464 novae
1523 1397 1778 1480 artifex,
1839 1397 2053 1465 vete·
2034 1467 2047 1486 ,
2643 1443 2673 1484 μ

418 1519 573 1566 rum
616 1487 916 1566 aemulus.
984 1495 1285 1584 Id-genus'
1313 1520 1715 1568 aversaesua
1741 1522 1883 1568 sese
1911 1521 2006 1567 ra·
2579 1499 2590 1508 ’
2754 1467 2787 1545 §
2852 1464 2963 1529 Ἦ·
3077 1570 3091 1584 ,

432 1598 623 1666 ritate
676 1598 1152 1682 commendant,
1212 1609 1279 1678 et
1328 1600 1667 1690 pleraeque
1720 1602 2005 1689 genuinis
2575 1568 2643 1631 D
2643 1590 2675 1634 ⁰
2716 1589 2912 1633 ''um'‘
2931 1570 3136 1676 fi⁸⁸²⁸3

300 1781 315 1792 ,
428 1702 504 1768 in
541 1701 749 1768 numis
791 1705 1109 1788 nunquam
1134 1703 1548 1788 reperiuntur,
1586 1703 1806 1797 quales
1834 1713 2003 1773 sunt:
2242 1701 2567 1785 Fissurac,
2626 1723 2784 1790 quas
2824 1710 3197 1768 contraxere
3233 1696 3504 1783 copiosi*
3531 1719 3641 1764 nu·

427 1824 625 1890 aquas
669 1805 1017 1872 emam·
1060 1826 1137 1871 w
1176 1799 1456 1887 forctib-m
1510 1818 1615 1873 etc.
1677 1808 1765 1886 in,
1814 1823 2005 1872 numo
2074 1804 2160 1872 mi
2201 1815 2465 1888 veteres,
2509 1814 2574 1871 et
2615 1804 2949 1893 praecipue
2978 1800 3233 1887 majoris
3263 1801 3434 1890 aeris,
3450 1811 3657 1870 causa

412 1903 935 1986 Claudii‚1²m
976 1908 1184 1973 Aelius
1233 1906 1357 1974 vel*
1389 1909 1703 1993 Erpeditio
1742 1911 2019 1980 Judao‘eoe
2075 1906 2396 1994 amplioris
2450 1906 2803 1996 ·voluminis
2828 1955 2849 1989 ,
2939 1904 3335 1990 occasionem
3408 1900 3641 1968 dedere

428 2008 506 2074 in
562 2008 769 2075 numis
812 2004 1139 2075 Hadriani.
1224 2007 1473 2077 Numos
1526 2011 1649 2078 hac
1701 2020 1834 2078 arte
1875 2010 2004 2079 for·
2072 2008 2360 2076 falsariis
2400 2009 2605 2096 ipsum
2673 2009 2802 2074 hoc
2853 2009 3070 2076 vitium
3122 2004 3436 2085 imitandi,
3510 2015 3639 2091 quo

433 2118 639 2178 matos
694 2130 779 2178 ex
830 2109 979 2197 ipso
1030 2107 1304 2178 fabricae
1355 2107 1586 2196 modo,
1674 2135 1802 2201 quo
1856 2135 2005 2203 pars
2071 2109 2312 2177 facilius
2365 2131 2588 2208 ιιιιιιιιιε
2622 2113 2935 2198 antiquus
2995 2108 3330 2177 videretur.
3419 2106 3641 2174 Potior

433 2211 645 2279 antica
683 2209 765 2276 ab
811 2229 1035 2280 aversa
1075 2211 1348 2296 abludit,
1396 2215 1779 2302 dignoveris.
1890 2239 1899 2252 ·
2071 2235 2217 2301 pars
2279 2203 2610 2280 numorum
2656 2214 2958 2282 falsorum
3006 2189 3264 2279 dubium
3320 2207 3491 2275 istud
3535 2229 3640 2274 an·
3733 2203 3738 2210 ’

605 2312 805 2379 Numi
868 2313 1207 2401 compositi
1270 2327 1563 2388 constant
1617 2339 1701 2384 ex
1754 2311 2006 2403 duobus
2073 2315 2378 2434 tiquitatis
2429 2316 2728 2386 indicium
2775 2337 2935 2405 prae
2987 2336 3058 2382 se
3118 2314 3274 2394 fert,
3352 2320 3419 2378 et
3477 2329 3641 2377 curn·

431 2414 667 2488 numia
685 2404 959 2484 dimidiis
994 2415 1199 2484 obviis
1230 2417 1501 2505 quidem,
1546 2419 1663 2487 sed
1706 2421 1814 2508 qui
1856 2442 2006 2488 con·
2068 2419 2289 2506 primis
2308 2467 2328 2502 ,
2388 2427 2456 2485 ιιι
2500 2416 2664 2506 dixi,
2719 2417 2799 2500 ii,
2861 2417 2969 2507 qui
3008 2415 3217 2502 magni
3269 2421 3426 2480 sunt
3459 2409 3641 2493 aeris,

418 2516 633 2604 juncti
672 2537 884 2586 ratum
927 2515 1220 2584 efficiunt.
1296 2519 1477 2587 Haec
1518 2520 1690 2589 fraus
1729 2543 1864 2589 non
1907 2544 2007 2591 ae-
2050 2522 2255 2610 quia,
2323 2527 2578 2608 quanto
2599 2520 2790 2586 latior
2832 2528 2930 2585 est
2972 2518 3148 2585 numi
3188 2516 3397 2598 orbis,
3464 2524 3642 2581 tanto
3692 2563 3702 2570 .

428 2621 574 2688 aeis
615 2617 857 2701 solum,
912 2595 1029 2686 sed
1074 2621 1392 2707 argenteis
1448 2643 1702 2713 quoque
1742 2626 2006 2692 intenta·
2072 2619 2317 2690 facilius
2371 2620 2655 2704 finditur3
2714 2622 2886 2711 atqui
2938 2630 3173 2688 certum
3224 2628 3350 2703 est,
3408 2640 3474 2686 a
3503 2618 3644 2685 sola

324 2727 365 2772 ἰ
432 2731 569 2804 tur,
618 2743 678 2788 v.
722 2725 784 2808 g'.
829 2739 917 2789 er:
962 2741 1156 2789 numo
1199 2722 1510 2792 Antonini
1565 2727 1811 2795 tollitur
1859 2749 2007 2815 pars
2075 2715 2286 2791 mallei
2328 2723 2715 2814 vehementia
2757 2725 3041 2792 fissuram
3093 2723 3264 2790 numi
3307 2721 3642 2814 proficisci.
3705 2787 3724 2800 ,,

432 2842 690 2902 aversa,
767 2822 949 2910 eique
1001 2823 1351 2911 applicatur
1414 2807 1600 2916 caput
1648 2829 2005 2912 Faustinae,
2072 2826 2150 2892 In
2206 2828 2463 2893 nostrae
2520 2828 2739 2894 aetatis
2794 2835 3048 2922 moneta
3088 2826 3199 2892 vix
3240 2846 3513 2912 unquam
3558 2823 3644 2889 vi·

434 2935 522 2994 dn
576 2923 693 2990 tibi
745 2943 1022 2990 numum.
1048 2947 1275 2994 rarum.
1326 2928 1434 2993 «Si
1464 2925 1715 2997 ‘numus
1767 2941 1865 2998 est
1905 2945 2021 2998 ae-'
2061 2929 2228 2998 tium
2281 2926 2451 2995 istud
2505 2930 2841 3016 reperitur,
2921 2927 3066 3016 quia
3124 2927 3190 2994 iu
3256 2925 3378 2991 hac
3432 2925 3643 3012 operis

366 3093 381 3106 ,
434 3045 623 3106 mus,
661 3024 942 3112 seligitm
985 3026 1143 3094 alter
1184 3026 1465 3114 ejusdem
1508 3031 1745 3099 coloris
1781 3042 1845 3099 et
1871 3053 2006 3100 ver·
2072 3031 2406 3098 monetarii
2456 3030 2842 3117 perfectione
2907 3028 3125 3099 unicus
3190 3019 3420 3094 sufficit
3482 3028 3642 3096 ictus

358 3125 371 3130 ’
436 3121 623 3194 uicis.
684 3126 953 3194 Νιιιιιοε
994 3129 1272 3245 reperias
1305 3129 1428 3196 hac
1455 3143 1588 3199 arte
1614 3143 1741 3201 tam
1771 3132 2007 3202 affabre
2074 3131 2157 3197 ad
2195 3132 2646 3218 imprimendos
2688 3147 2880 3198 numo
2924 3139 3136 3216 typos.
3199 3128 3290 3194 At
3330 3151 3484 3196 vero
3531 3150 3643 3196 nu-

430 3230 738 3312 sociatos,
782 3238 851 3296 ut
892 3230 1150 3296 nonnisi
1190 3232 1471 3316 scicntia,
1517 3255 1659 3302 esne
1701 3237 1795 3302 sic
1837 3258 2005 3304 com·
2063 3254 2213 3299 mos
2257 3242 2499 3303 veteres
2541 3241 2803 3320 propter
2855 3217 3161 3319 repetitos
3204 3212 3415 3306 mallei
3457 3231 3646 3311 ictus,

429 3332 711 3423 positos,
754 3330 1037 3399 fraudem
1074 3334 1336 3421 aperiat,
1380 3336 1716 3424 praecipue
1758 3359 1898 3405 cum
1938 3339 2007 3406 in
2076 3338 2255 3421 cujus
2309 3335 2651 3402 certissima
2705 3333 2939 3400 indicia
2992 3353 3210 3400 eorum
3252 3332 3504 3421 plurimi
3548 3331 3642 3399 of·

430 3435 569 3503 hoc
608 3432 872 3502 fallendi
914 3435 1175 3522 negotio
1221 3456 1335 3503 ora
1375 3438 1549 3503 numi
1590 3460 1838 3528 semper
1880 3462 2005 3509 ma-
2076 3437 2314 3520 ferunt,
2353 3436 2597 3504 facilius
2638 3435 2795 3504 findi
2836 3455 3097 3530 necesse
3127 3427 3271 3504 fuit.
3351 3433 3490 3503 Has
3530 3431 3643 3521 ig'i·
3653 3471 3664 3488 κ

298 3611 305 3614 ,
432 3546 587 3608 m
624 3535 865 3604 illaesa.
1995 3553 1999 3560 ’
2070 3549 2174 3607 ιιιι·
2225 3539 2492 3618 fissuras
2535 3539 2602 3604 in
2654 3539 2887 3622 numis,
2952 3553 3065 3605 seu
3116 3539 3462 3627 percussis,
3531 3559 3647 3605 scu

608 3638 811 3706 Sunt
824 3638 995 3705 numi
1044 3637 1155 3705 alii
1206 3640 1432 3727 partim
1486 3645 1793 3730 argentei,
1856 3641 2006 3733 pafr-
2073 3641 2231 3708 fusis
2286 3642 2513 3710 imitari
2567 3641 2822 3731 placuit.
2933 3639 3041 3708 Ad
3081 3653 3279 3729 quam
3335 3639 3646 3709 fallaciam

398 3740 553 3822 ,fim
592 3740 802 3830 aenei,
858 3742 1196 3828 compositi
1247 3763 1330 3808 ex
1372 3742 1621 3812 duobus
1663 3746 1868 3818 numis
1912 3746 2005 3814 di·
2075 3742 2491 3863 detegendam
2559 3753 2820 3838 oportet
2882 3754 3207 3831 utramque
3270 3742 3441 3810 numi
3504 3763 3645 3830 par·

426 3841 647 3914 Didiis
700 3841 1177 3929 conglutinatis,
1267 3865 1429 3932 opus
1480 3848 1811 3932 artificum,
1896 3850 2005 3937 qui
2071 3855 2199 3913 tem
2281 3848 2350 3913 in
2433 3868 2700 3916 examen
2783 3866 3014 3913 vocare
3038 3893 3060 3926 ,
3097 3854 3213 3911 et
3296 3844 3674 3924 advertere,'

384 4013 405 4026 ,
428 3953 847 4012 memoratum
888 3945 1314 4033 componendi
1356 3948 1644 4033 modum,
1691 3952 1838 4040 quia
1878 3971 2004 4018 ma·
2068 3958 2276 4022 utrum
2343 3948 2567 4018 fissura
2629 3949 2789 4014 haec
2852 3946 2973 4012 iter
3023 3943 3309 4012 namrale
3361 3955 3641 4033 peragat,
3681 4005 3684 4012 .

326 4043 339 4056 '
424 4047 537 4136 'gis
577 4045 840 4131 arduus,
878 4056 1200 4138 praestare
1240 4061 1575 4136 nequeunt.
1661 4053 1894 4120 Verum
1936 4039 2004 4120 i‘n
2071 4050 2356 4169 illudque
2387 4059 2710 4116 arcuatum
2724 4096 2743 4130 ,
2796 4068 2873 4113 ac
2915 4045 3186 4163 denique
3228 4046 3296 4113 in
3338 4045 3513 4114 filum
3553 4056 3643 4114 te·
3773 4115 3780 4122 ,

426 4149 549 4218 hin
604 4147 855 4216 fallacia
916 4171 1059 4216 sese
1124 4152 1427 4222 continuo
1491 4152 1843 4222 manifestat
1912 4156 2005 4221 ίιι
2070 4154 2435 4220 nuissimum
2480 4149 2748 4216 desinat.
2819 4147 3000 4256 Haec
3038 4148 3095 4215 si
3137 4157 3391 4236 praesto
3436 4159 3640 4230 erum,

426 4261 657 4352 specta
709 4271 855 4333 ora,
920 4271 1105 4342 quam
1159 4250 1290 4319 hoc
1340 4253 1406 4334 in
1454 4251 1744 4323 instituto
1802 4255 2006 4324 limari
2072 4274 2359 4331 numum,
2435 4263 2541 4318 aut
2590 4250 2796 4317 verius
2849 4240 3018 4316 numi
3073 4250 3425 4318 orbiculum
3486 4253 3646 4319 anti

426 4371 684 4441 semper
724 4353 1029 4450 oportuit.
2074 4377 2262 4445 quum
2305 4364 2489 4444 puta,
2545 4352 2776 4418 etenim
2818 4351 2954 4420 fieri
2998 4346 3241 4442 pot'est,
3291 4364 3365 4421 ιιι
3419 4374 3643 4421 numus

570 4453 861 4526 -1nterea
929 4456 1273 4543 compositi
1331 4455 1402 4524 hi
1449 4459 1629 4525 numi
1701 4443 2005 4528 confundi
2074 4467 2282 4526 cetera
2343 4456 2630 4543 antiquus
2694 4454 2824 4522 alio
2890 4456 3047 4524 vitio
3067 4506 3087 4543 ,
3164 4456 3373 4545 qualia
3434 4455 3644 4524 hacte-

422 4573 589 4630 mn
612 4553 855 4634 debent
902 4578 1043 4652 cum
1098 4580 1327 4648 magno
1372 4580 1632 4645 numero
1677 4583 2006 4670 mimorum
2071 4581 2192 4629 nus
2259 4559 2701 4649 exposuimus,
2765 4556 3034 4627 laboret.
3168 4556 3259 4628 Ᾰι
3313 4559 3368 4624 si
3423 4557 3647 4626 fissura
