4450 5542
1618 520 2126 595 cAPv'r
2225 461 2660 592 x111.2‘

402 682 761 770 Augustum
826 682 1005 750 victis
1092 681 1355 750 aemulis
1446 680 1768 771 paullatim
1857 704 1986 751 om-

409 807 605 852 nem
641 794 897 852 senatus
984 785 1327 876 populique
1392 795 1785 905 potestatem
1864 783 1988 851 sibi

407 888 787 974 subjecisse,
832 908 915 954 an
956 889 1341 969 verisimile,
1376 890 1661 955 omisisse
1705 910 1845 955 eum
1876 891 1985 972 jus

406 989 757 1078 signandae
778 1000 1117 1073 monetae,
1181 992 1385 1080 quod,
1438 1002 1509 1058 ut
1559 992 1741 1057 initio
1800 990 1985 1075 hujus

408 1104 706 1162 tractatus
811 1093 1112 1177 diximus,
1231 1079 1638 1162 certissimum
1737 1115 1985 1181 semper

408 1218 687 1264 summae
745 1197 816 1261 in
880 1198 1208 1285 republica
1246 1199 1598 1285 potestatis
1661 1218 1981 1283 argumen-

406 1307 542 1365 tum
590 1297 707 1365 fuit
756 1298 1077 1366 habitum?
1178 1301 1374 1379 Quod
1426 1302 1480 1367 si
1536 1310 1824 1367 monetae
1875 1322 1980 1366 ne·

402 1401 648 1489 gotium
720 1421 861 1467 cum
912 1410 1157 1472 senatu
1240 1403 1743 1485 communicavit,
1832 1403 1979 1469 sibi·

408 1526 533 1593 que
617 1503 936 1572 metallum
1021 1503 1335 1588 nobilius,
1433 1501 1655 1573 viliore
1736 1506 1985 1586 ,senatui

330 1625 345 1630 ·
408 1606 718 1695 permisso
733 1655 753 1688 ,
817 1608 1186 1689 reservavit,
1258 1607 1406 1676 fecit
1447 1606 1617 1675 istud
1636 1690 1639 1693 ‚
1660 1607 1982 1696 populari-

404 1719 502 1775 ter
555 1730 630 1775 ac
678 1707 1036 1796 moderate,
1092 1731 1174 1777 ne
1227 1709 1374 1778 huic
1429 1709 1587 1776 nihil
1629 1711 1982 1799 relinquere

282 1836 295 1842 -
400 1812 706 1899 pristinae
776 1814 1103 1901 potestatis
1167 1812 1498 1881 videretur.
1610 1812 1860 1882 Eodem
1923 1815 1979 1878 is

405 1913 743 2032 exemplo,
804 1937 880 1982 ac
936 1925 1196 2003 propter
1254 1916 1516 1983 eandem
1570 1937 1820 1984 causam
1880 1925 1974 1981 to-

405 2016 529 2084 tim
580 2017 831 2133 ὶιιιροιίἰ
877 2019 1236 2110 provincias
1300 2021 1461 2087 inter
1526 2025 1597 2098 se
1663 2041 1738 2084 ac
1800 2040 1992 2084 sena·.

405 2131 555 2186 tum
587 2119 682 2186 sic
740 2119 984 2201 divisit,
1064 2129 1162 2202 ut,
1239 2143 1398 2209 quae
1466 2120 1611 2208 plus
1670 2119 1979 2188 haberent

402 2220 660 2288 roboris
730 2231 795 2288 et
853 2219 1270 2304 auctoritatis,
1345 2245 1490 2290 suas
1556 2244 1697 2289 esse
1756 2222 1973 2305 vellet,

405 2321 677 2412 rehquas
762 2327 1036 2406 senatui,
1124 2325 1491 2413 populoque
1560 2325 1978 2413 permitteret,

405 2446 535 2514 quo
580 2425 838 2515 quidem
881 2429 1169 2494 instituto
1223 2436 1616 2516 praesentem
1671 2429 1856 2495 etiam
1899 2426 1982 2494 de

404 2539 696 2596 monetae
758 2530 1072 2598 divisione
1139 2551 1387 2598 causam
1452 2531 1772 2620 praeclare
1824 2524 1979 2619 puto

402 2631 767 2716 abnuatis
872 2683 881 2688 -

577 2727 914 2822 Superest,
975 2744 1044 2800 nt
1095 2735 1435 2808 nonnullas
1489 2734 1644 2803 alias
1699 2736 1981 2824 inscripti

342 2841 353 2846 ²
404 2838 610 2906 numia
653 2840 723 2904 S.
770 2837 850 2905 C.
876 2857 1113 2903 causas
1158 2838 1583 2925 expediamus,

580 2941 636 3007 1.
718 2937 879 3008 Inde
935 2939 1017 3006 ab
1074 2940 1361 3027 Augusto
1416 2941 1759 3028 generatim
1823 2940 1980 3008 haee

304 3119 328 3132 ο
412 3049 573 3107 nota
646 3045 865 3126 numia,
952 3043 1062 3132 qui
1133 3054 1421 3111 monetae
1490 3044 1819 3110 rationem
1870 3044 1979 3109 ha-

409 3142 639 3226 buere,
724 3144 835 3212 fuit
898 3144 1151 3211 inserta.
1263 3146 1395 3215 Est
1439 3156 1646 3222 tamen
1719 3144 1979 3233 aliquod

400 3267 737 3316 numerum
820 3267 1049 3333 genus,
1142 3246 1350 3334 quod,
1449 3248 1569 3312 etsi
1656 3247 1984 3313 commatis

405 3358 577 3418 certe
626 3349 901 3415 Romani
965 3358 1093 3429 est,
1118 3355 1135 3362 ‘
1161 3358 1224 3414 et
1289 3339 1557 3414 moneta
1609 3345 1981 3430 indubitata,

400 3460 561 3519 nota
596 3451 671 3520 S.
698 3451 789 3518 'C-
836 3460 1197 3520 eonstanter
1252 3457 1437 3517 caret.
1527 3449 1829 3537 Intelligo
1885 3473 1983 3519 ae·

342 3631 363 3640 ,
402 3574 565 3622 neos
604 3554 691 3622 Π.
736 3551 977 3619 formae
1029 3554 1097 3618 in
1140 3551 1380 3618 Tiberii
1422 3562 1678 3618 moneta
1722 3552 1975 3636 obvios,

402 3655 477 3722 in
516 3673 783 3744 quorum
835 3676 1054 3723 aversa
1103 3663 1201 3720 est
1246 3653 1571 3721 Caduceus
1632 3656 1794 3722 inter
1849 3656 1976 3723 duo

402 3757 902 3845 cornuacopiae,
978 3767 1043 3823 et
1102 3756 1278 3845 quod
1333 3757 1689 3843 cumprimis
1760 3758 1991 3826 obser-

400 3869 551 3954 vatu
596 3859 886 3948 dignum,
942 3881 1020 3926 ea
1062 3880 1316 3948 quoque
1373 3869 1589 3951 carent
1629 3862 1809 3927 aenei
1850 3861 1989 3928 Ve»

304 3953 313 3958 ’
396 3961 683 4054 wasiani
748 3971 816 4028 et
885 3961 1262 4045 Domitiani,
1339 3961 1447 4051 qui
1525 3962 1790 4031 eundem
1868 3961 1977 4030 ha·

396 4061 563 4134 beot
600 4073 839 4181 typum.
909 4065 1001 4131 At
1038 4087 1193 4131 vero
1237 4067 1371 4150 ejus
1417 4065 1721 4132 omissae
1731 4083 1977 4132 causam

374 4162 605 4240 ,fian
649 4165 785 4231 veri
836 4165 1131 4249 similem,
1205 4168 1352 4258 quia
1402 4166 1569 4234 idem
1620 4155 1727 4232 hic
1786 4177 1977 4255 typus

397 4264 523 4336 fit
562 4265 924 4352 symbolum
967 4277 1253 4351 senatus,
1315 4268 1694 4358 populique,
1749 4272 1982 4359 proba-

330 4437 349 4446 ,
398 4367 619 4440 hians
666 4367 1009 4458 aliqnando
1062 4372 1129 4437 in
1182 4372 1384 4439 numis
1436 4373 1678 4441 Tiberii
1730 4372 1816 4440 ad
1877 4395 1982 4442 an·

336 4505 351 4514 -
394 4493 559 4544 m
598 4471 685 4550 V.
724 4474 816 4568 C..
852 4478 994 4544 775.

578 4571 691 4642 Η.-
756 4571 1212 4666 Ειιιὶοιιι,1ιιιεο
1272 4583 1425 4643 nota
1478 4574 1545 4644 in
1599 4579 1801 4646 numia
1856 4600 1982 4646 ma·

3374 544 3634 600 Lxxvn

2055 684 2261 749 ximae
2305 681 2541 748 formae
2582 678 2733 748 inde
2775 680 2856 748 ab
2903 681 3229 751 Hadriano
3285 689 3448 754 cusis
3492 691 3624 776 ple·

2055 805 2316 872 rumque
2361 785 2679 851 omittitur.
2772 785 2978 876 Supra
3030 788 3233 876 capite
3275 789 3354 855 V.
3414 793 3630 860 verisi-
3641 853 3648 868 ,

2054 887 2205 953 mile
2246 908 2385 954 esse
2429 886 2593 969 dixi,
2637 887 2806 954 istud
2854 911 3106 978 quoque
3148 884 3477 984 mimorum
3521 915 3625 982 ge·

2062 1011 2181 1055 nus
2226 999 2479 1056 senatus
2525 988 2782 1056 arbitrio
2826 991 3021 1078 fuisse
3063 979 3390 1079 signatum,
3440 998 3628 1064 omis.

2054 1113 2187 1162 sam
2235 1088 2438 1158 autem
2486 1094 2826 1178 generatim
2869 1104 3082 1160 notam
3118 1097 3184 1162 S.
3219 1099 3314 1175 C„
3360 1119 3442 1163 ne
3467 1120 3627 1165 “eum

2050 1203 2304 1261 moneta
2360 1193 2680 1262 ordinaria
2735 1196 3239 1267 confunderetur.
3338 1205 3426 1266 At
3482 1212 3627 1269 sunt
3695 1207 3699 1213 ’

2058 1297 2245 1363 etiam
2283 1299 2350 1364 in
2394 1295 2839 1364 illustrioribus
2895 1300 3122 1365 museis
3179 1300 3362 1387 hujus
3406 1302 3626 1380 classis

2049 1400 2362 1483 nonnulli,
2412 1402 2518 1489 qui
2559 1411 2774 1466 notam
2818 1401 2887 1467 S.
2934 1401 3004 1467 C.
3055 1400 3375 1485 addidere,
3422 1409 3623 1490 cujus·

2053 1504 2235 1569 modi
2279 1493 2378 1572 vel
2421 1504 2492 1569 in
2533 1502 2678 1570 solo
2722 1524 2940 1569 museo
2986 1504 3220 1570 Albani
3272 1504 3623 1596 habes-nu·

2052 1627 2193 1672 mos
2248 1607 2552 1692 TraJani,·
2603 1597 2940 1687 Antonini,
3015 1606 3405 1690 caracallae,
3476 1609 3623 1675 Ale·
3661 1619 3662 1626 ’

2050 1707 2282 1775 xandri
2302 1710 2538 1792 Severi,
2585 1697 2770 1794 atque
2805 1707 2948 1774 hos'
2969 1708 3132 1774 inter
3161 1709 3345 1775 etiam
3374 1710 3624 1804 aliquos

2050 1810 2263 1899 amplo
2338 1810 2495 1877 orbe
2558 1812 2971 1899 conspicuos,
3041 1820 3148 1877 aut
3212 1832 3295 1876 ex
3366 1812 3621 1905 duplice

2026 1913 2303 2010 *metallo
2357 1913 2683 1979 formatos.
2780 1911 2957 1979 Istud
3004 1935 3141 1978 cum
3183 1912 3445 1999 factum,
3508 1913 3620 1983 illa

2044 2024 2198 2083 nota
2248 2015 2552 2083 indicabit
2606 2025 2714 2083 aut
2771 2013 3114 2088 arbitrium
3156 2029 3437 2100 senatus,
3511 2020 3616 2108 qui

2043 2139 2190 2199 eos,
2238 2117 2357 2184 etsi
2399 2139 2532 2186 non
2574 2118 2640 2184 in
2683 2127 2974 2199 monetae
3017 2140 3233 2201 usum,
3277 2120 3449 2186 feriri
3478 2125 3615 2207 jus·

2042 2221 2154 2303 sit,
2198 2201 2306 2288 ‘aut
2347 2219 2676 2287 reserenda
2717 2223 2833 2287 erit
2875 2221 2958 2287 ad
3001 2230 3220 2310 typum
3266 2245 3353 2292 eo
3390 2223 3611 2308 modo,

2051 2344 2179 2410 quo
2240 2345 2393 2389 mox
2460 2298 2721 2390 eandem
2790 2334 3005 2390 notam
3072 2325 3273 2391 aureis
3340 2347 3616 2415 quoque,

2052 2425 2486 2514 argenteisque
2550 2427 2751 2493 numis
2832 2429 3200 2515 impressam
3267 2428 3622 2516 explicabi-

2050 2549 2203 2594 mus.
2304 2528 2553 2596 Numos
2604 2529 2789 2628 pecii
2847 2552 3079 2598 aeneos
3134 2531 3444 2598 maximae
3494 2530 3658 2598 for··
3743 2517 3746 2526 ι

2050 2651 2218 2713 mae,
2302 2621 2540 2720 eosque
2606 2632 2868 2715 obvios,
2951 2634 3057 2721 qui
3125 2655 3341 2700 omnes
3394 2644 3625 2701 motam

2051 2736 2117 2803 S.
2160 2735 2230 2800 C.
2273 2736 2653 2822 praeferunt,
2707 2758 2840 2802 non
2881 2758 3118 2820 moror,
3165 2739 3311 2825 quia
3354 2736 3625 2806 dubitari

2047 2859 2181 2904 non
2223 2831 2470 2926 potest,
2524 2862 2640 2906 eos
2681 2862 2891 2907 veram
2935 2841 3131 2910 fuisse
3167 2851 3509 2924 monetam,
3556 2851 3620 2908 et

2047 2941 2199 3007 satis
2245 2951 2514 3023 constat,
2559 2964 2639 3008 eo
2682 2944 3026 3030 imperante
3069 2945 3135 3008 in
3179 2952 3467 3014 monetae
3515 2964 3614 3009 ae·

2046 3063 2225 3108 neae
2255 3043 2541 3130 pondere
2593 3066 2669 3110 ac
2724 3045 2930 3112 forma
2992 3044 3187 3110 multa
3251 3043 3445 3112 fuisse
3506 3045 3629 3111 im*
3659 3076 3670 3084 ·

2051 3154 2302 3212 mutata.
2361 3184 2372 3196 =

2223 3245 2337 3311 111.
2392 3246 2549 3315 Post
2594 3243 2966 3329 Gallienum,
3012 3256 3081 3313 ut
3123 3246 3417 3329 diximus,
3461 3258 3619 3315 nota

2053 3349 2120 3416 S.
2191 3347 2261 3412 G.
2332 3348 2516 3414 etiam
2584 3369 2667 3418 ex
2738 3359 2992 3415 moneta
3060 3370 3254 3416 aenea
3313 3351 3616 3437 migravit.

2050 3450 2275 3517 Vtrum
2361 3449 2530 3517 istud
2617 3450 2845 3517 factum
2911 3453 3169 3519 arbitrio
3242 3454 3614 3542 principum,

2047 3553 2414 3619 auctoritate
2456 3562 2709 3619 senatus
2755 3556 2890 3638 Jam
2931 3565 3061 3623 tum
3107 3557 3238 3623 fere
3281 3558 3613 3641 exstincta,

2045 3676 2127 3721 an
2180 3665 2403 3754 suapte
2456 3655 2805 3722 exoleverit
2859 3679 3046 3741 usus,
3112 3660 3445 3743 incertum,
3511 3681 3616 3728 ne·
3741 3667 3766 3681 ⁶

2047 3778 2170 3844 que
2255 3777 2639 3847 magnopere
2714 3759 3103 3845 laboramus,
3182 3783 3319 3828 cum
3408 3773 3622 3831 vetera

2045 3860 2290 3930 Romae
2356 3860 2639 3929 instituta
2692 3866 2826 3948 jam
2888 3862 3016 3930 hoc
3083 3886 3242 3930 aevo
3313 3862 3617 3952 pleraque

2047 3962 2437 4045 fatiscerent,
2503 3964 2679 4052 quod
2742 3963 3025 4031 accidere
3053 3975 3070 4002 ²
3089 3967 3181 4030 rei
3232 3967 3618 4032 monetariae
3699 4003 3706 4012 ·

2046 4069 2381 4156 praecipue
2443 4064 2687 4147 debuit,
2761 4067 2908 4153 quia
2970 4075 3098 4131 tum
3158 4066 3477 4150 officinae,
3545 4069 3617 4136 in

2048 4170 2274 4259 quibus
2297 4201 2306 4206 ·
2329 4176 2580 4233 moneta
2636 4166 2947 4249 feriretur,
3011 4189 3277 4255 coepere
3343 4171 3410 4237 in
3466 4191 3615 4260 pro-

2048 4270 2270 4337 vinciis
2340 4268 2635 4350 stabiliri,
2711 4285 2853 4335 'cum
2906 4273 3016 4355 jus
3077 4270 3247 4338 istud
3318 4274 3620 4343 hactenus
3641 4266 3666 4282 ’

2049 4371 2175 4437 soli
2216 4370 2356 4466 urbi
2399 4371 2768 4459 permissum
2810 4381 2995 4439 esset.
3527 4397 3538 4404 ²
3601 4401 3610 4406 ·

2219 4474 2331 4541 IV.
2378 4474 2845 4564 Nonnunquam
2889 4477 2960 4542 S.
2986 4475 3056 4541 C.
3099 4483 3392 4541 monetae
3434 4475 3622 4546 etiam

2016 4596 2273 4652 ,aureae
2341 4587 2406 4645 et
2483 4586 2811 4666 argenteae
2890 4579 3334 4667 imperatorum
3403 4579 3618 4652 inscri-
