4450 5542
841 470 935 500 ’.ζ-...-

1639 507 2159 580 CAPVT
2270 503 2393 579 XI.
2661 502 2666 505 ’
3443 530 3603 593 nvn

383 678 617 739 sermm
660 677 767 738 est
802 666 1180 752 aberrantis,
1239 679 1347 737 aut
1395 666 1558 771 male
1609 667 1959 759 applicatae
2025 669 2240 758 utique
2310 650 2606 756 pretium
2646 665 2914 758 amplius
2967 691 3140 739 ιιοιι
3156 669 3275 741 fuit
3334 670 3601 743 eandem

382 773 669 843 matricis
712 770 1045 853 indicium,
1112 772 1367 845 minime
1418 794 1571 841 vere
1628 795 1670 839 a
1708 772 1958 843 fusione
2022 772 2256 841 vitiatis
2318 772 2438 843 sie
2475 771 2678 840 nu‘mis
2742 772 2972 840 curam
3016 772 3457 891 impendere,
3467 775 3603 845 sed

384 875 549 945 effici
589 883 827 963 potest.
913 873 1173 945 Vtrum
1192 870 1555 956 verisimile,
1612 874 1957 962 imperante
2022 873 2459 962 respiciendus
2552 855 2770 957 labor,
2871 875 2985 960 qui
3075 877 3349 946 minores
3427 876 3601 947 ἰιιιιιι-

375 984 513 1067 jam
550 978 841 1063 Severo,-
865 973 1090 1043 solidis
1132 985 1265 1043 tum
1308 975 1543 1060 adhuc,
1586 986 1654 1044 et
1690 973 1961 1044 necdum
2025 984 2171 1064 ptus
2234 985 2298 1043 et
2358 974 2793 1044 adsiduitatem
2852 976 3247 1094 postularet,
3311 981 3420 1066 qui
3473 1002 3616 1070 epe·

384 1079 636 1149 afflictis
680 1078 929 1167 imperii
966 1077 1162 1146 rebus
1203 1087 1439 1146 tantam
1479 1026 1676 1147 fuisse
1716 1080 1783 1145 in
1827 1102 1956 1148 mu·
2024 1078 2197 1146 numi
2277 1078 2484 1160 obvii,
2555 1078 2768 1145 molli
2783 1079 3080 1196 primum
3154 1081 3415 1168 argillae
3485 1084 3610 1151 im·'

266 1266 279 1271 -
386 1204 539 1251 nne
579 1180 845 1272 publice
883 1182 1233 1252 monetario
1276 1202 1391 1248 seu
1431 1170 1802 1270 egestatem,
1844 1204 1968 1250 seu
2023 1179 2259 1270 pressi,
2319 1179 2552 1251 deinde
2605 1179 2900 1250 subdite·
2901 1167 3064 1269 ig'ue
3095 1184 3443 1268 excoctae,
3502 1186 3610 1253 iri-⁴

385 1285 893 1380 perversitatem,
946 1294 1020 1350 ut
1057 1304 1141 1357 ne
1184 1283 1438 1385 quidem
1482 1286 1691 1357 certae
1719 1289 1956 1371 justae·
2023 1284 2168 1352 fuse
2246 1283 2519 1374 denique
2597 1282 2855 1374 metallo
2926 1286 3144 1371 peragi
3224 1284 3410 1354 facile
3480 1308 3597 1381 pe·

385 1410 511 1477 que
546 1388 843 1455 matrices
884 1374 1139 1474 praesto
1181 1397 1424 1469 essent,
1481 1386 1597 1454 sed
1650 1411 1689 1454 a
1729 1388 1955 1467 numia,
2022 1386 2158 1455 tuit.
2224 1385 2427 1455 Istud
2468 1386 2524 1454 si
2576 1368 2791 1474 paullo
2835 1384 2951 1454 fuit
3010 1385 3228 1469 vilius,
3281 1409 3471 1477 quam
3514 1410 3612 1458 ex*

382 1512 550 1580 ques
588 1488 730 1560 fers
775 1488 1036 1572 obtulit,
1090 1490 1390 1577 imagines
1440 1491 1709 1558 mutuari
1766 1512 1956 1579 eper-
2025 1511 2154 1579 que
2206 1499 2380 1556 tum
2365 1486 2507 1558 fuit
2547 1496 2802 1555 moneta
2855 1486 3204 1572 ordinaria,
3278 1511 3414 1559 nen
3480 1513 3595 1580 pe·
3671 1524 3680 1533 ·

378 1593 582 1662 teret?
1958 1601 2233 1660 ·te'rant
2283 1601 2493 1660 tamen
2545 1591 2784 1659 falsarii
2837 1591 2906 1658 in
2961 1591 3091 1661 hec
3141 1590 3380 1662 laberis
3424 1615 3597 1662 cem-
3603 1618 3612 1623 ·

556 1696 665 1763 Ex
729 1694 1023 1763 omnibus
1082 1654 1235 1783 erge
1294 1693 1395 1765 his
1469 1696 1673 1765 causis
1729 1705 1958 1789 suapte
2024 1694 2261 1787 pendie
2329 1716 2469 1764 nen
2526 1696 2768 1781 justum
2820 1715 3047 1782 capere
3101 1692 3364 1767 lumem.
3461 1697 3602 1766 Du·
3699 1702 3704 1709 ’

378 1806 588 1889 patet,
658 1796 1213 1879 tantumabesse,
1273 1797 1957 1867 utfermaehaear'-
2024 1800 2541 1879 biumnenest‚
2595 1799 2873 1883 tetjam
2927 1796 3608 1885 repatispervarias'
3679 1850 3694 1856 -

226 1956 239 1965 .
378 1900 687 1990 gillaeeae
723 1899 931 1990 putari
974 1898 1245 1967 debeant
1288 1902 1583 1970 serviisse
1600 1900 1807 1990 operi
1842 1923 1956 1990 pu·
2022 1901 2316 1988 regiones
2373 1897 2442 1965 id
2499 1910 2697 1987 genus
2762 1898 2982 1971 formis
3039 1898 3420 1986 argillsceis‚
3482 1904 3597 1987 ιιι·

380 2000 555 2073 Μία
615 2004 986 2089 auctoritate
1042 2001 1380 2091 imperate,
1456 2014 1524 2072 ut
1585 2002 1957 2073 tribuendae
2023 2014 2187 2071 stum
2247 2001 2433 2069 etiam
2497 2001 2816 2089 hodieque
2878 2022 3209 2068 numerum
3267 2004 3362 2070 sie
3415 2002 3585 2072 fuse·
3623 2068 3630 2077 ,

374 2106 599 2196 potius
680 2105 1009 2175 videantur
1095 2105 1277 2187 operi
1341 2106 1775 2191 tumultuarie,
1859 2107 1954 2174 in·
2017 2126 2155 2174 rum
2204 2114 2457 2172 exstare
2508 2125 2860 2187 numerum,
2889 2100 3189 2195 perinde
3239 2127 3325 2172 ac
3381 2098 3610 2176 exstat·
3651 2188 3657 2192 ⁴

380 2206 717 2301 consulte,
820 2206 1248 2290 tenebrarum,
1286 2266 1291 2271 .
1350 2216 1415 2276 et
1478 2208 1737 2278 malae
1781 2209 1950 2292 fidei,
2020 2184 2523 2311 subaeraterum,
2611 2210 2775 2295 ques
2843 2207 2902 2277 si
2970 2230 3011 2274 a
3081 2208 3284 2276 numia
3350 2207 3585 2278 mallee

278 2301 291 2312 ⁶
376 2294 738 2400 rectiusque
790 2308 983 2378 adeo
1013 2308 1300 2379 videatur
1352 2314 1671 2380 censuisse
1721 2311 1951 2380 Mahu·
2019 2310 2334 2399 percussis
2387 2303 2522 2379 nen
2578 2310 2728 2401 satis
2786 2309 3229 2394 discernimus,
3297 2309 3472 2379 istud
3520 2312 3593 2380 fit

378 2413 619 2497 delius,
707 2412 817 2501 qni
900 2411 1099 2501 falsae
1182 2416 1509 2482 monetae'
1560 2414 1778 2483 fabros
1851 2414 1954 2482 his
2021 2423 2284 2509 prepter
2341 2436 2560 2483 causas
2612 2394 2730 2482 has
2779 2404 2984 2504 ipsas,
3049 2435 3208 2504 quas
3270 2433 3461 2502 supra
3501 2435 3588 2482 ex

378 2540 539 2589 mes
600 2515 1029 2585 insu-umentis
1091 2502 1388 2598 credidit,
1465 2516 1640 2605 qued
1703 2516 1957 2607 quidem
2025 2516 2298 2585 comite
2309 2517 2598 2602 -,.Caylus
2653 2517 2892 2585 idonee
2957 2517 3028 2585 in
3098 2514 3406 2585 similibus
3478 2516 3590 2586 du·

364 2620 681 2711 judicium
739 2617 933 2687 etiam
977 2617 1092 2686 01.
1164 2617 1467 2685 Bimarde
1538 2619 1874 2705 probatum
1903 2619 1965 2706 ')
2023 2618 2145 2689 biis
2194 2619 2478 2704 judice
2485 2618 2831 2702 dedimus,
2907 2628 3013 2687 aut
3081 2619 3231 2707 quia
3281 2639 3419 2687 nen
3484 2619 3591 2686 de·

374 2742 645 2813 pessum
682 2721 1063 2807 conjecturis
1119 2718 1291 2802 aliis,
1348 2718 1608 2806 solidis,
1663 2733 1732 2791 ut
1782 2736 1984 2804 reer,
2019 2722 2193 2791 fuere
2244 2696 2519 2790 dexteris
2567 2721 2966 2790 hominibus
2984 2745 3138 2790 suae
3188 2724 3383 2806 artes,
3442 2743 3591 2811 qua-
3647 2794 3658 2799 -

375 2846 465 2893 ac
500 2823 689 2914 plane
738 2822 1203 2915 probabilibus,
1240 2823 1628 2895 confirmare.
1722 2827 1983 2912 Quam-b
2019 2848 2158 2895 rum
2210 2845 2350 2914 epe
2382 2824 2652 2893 fusionis
2708 2822 2940 2895 indicia
2998 2824 3320 2914 potuerint
3379 2824 3589 2893 eccul-
3677 2850 3689 2863 ’

381 2926 533 2995 ditr-
558 2946 673 2995 sua
720 2936 1014 3005 monetae
1067 2934 1400 3013 argenteae
1457 2928 1745 3016 probitas
1803 2949 1953 2997 cen·
2022 2937 2185 3010 tare,
2244 2936 2310 2994 et
2350 2948 2536 3016 quas,
2581 2936 2654 2993 ut
2690 2927 2905 3016 plures
2949 2927 3177 2994 vetefis
3223 2928 3376 2994 aevi
3404 2926 3582 3010 alias,
3665 2960 3670 2967 ·

382 3026 635 3111 stabat,
685 3028 836 3097 utile
884 3052 962 3097 ac
1019 3030 1462 3118 quaestuosum
1504 3031 1621 3099 fuit
1651 3028 1950 3114 falsariis,
2020 3031 2405 3118 ignoramus.
2488 3027 2758 3097 Meneta
2815 3038 3108 3115 argentea
3157 3028 3310 3097 inde
3361 3051 3402 3095 a
3441 3028 3588 3095 Phi·

379 3151 622 3201 numos
674 3152 913 3199 aeneos·
959 3133 1130 3199 tenui
1185 3133 1427 3239 argenti
1468 3133 1720 3201 bractea
1758 3134 1955 3206 multa
2020 3133 2213 3250 lippis
2312 3139 2576 3219 prepter
2659 3130 3000 3197 admixtam
3084 3130 3246 3203 aei-is
3333 3131 3586 3218 copiam

376 3254 461 3302 ne
510 3231 733 3303 subtili
790 3244 925 3303 arte
988 3234 1279 3303 vestitos
1320 3256 1441 3322 pre
1496 3255 1648 3302 vera
1712 3235 1957 3322 argenti
2018 3236 2248 3303 misere
2286 3234 2654 3314 vilescente‚
2699 3232 2959 3315 factum,
3001 3241 3072 3299 ut
3129 3232 3357 3298 herum
3399 3233 3592 3301 etiam

374 3344 636 3407 moneta
686 3326 1045 3405 obtrudere.
1152 3336 1258 3404 Ex
1310 3336 1412 3419 bis
1481 3320 1748 3405 officinis
1801 3357 1953 3425 pres
2017 3339 2476 3426 imperatorum
2532 3333 2871 3403 fundendis
2945 3334 3149 3402 numis
3217 3334 3377 3403 nibil
3426 3335 3612 3404 lucri

378 3436 617 3509 &vem-
644 3446 746 3507 tet
808 3437 1281 3508 subaeraterum
1343 3443 1645 3528 agmina,⁸
1682 3461 1951 3530 querum
2017 3448 2242 3530 posset
2282 3439 2538 3526 sperari.
2626 3439 2837 3531 Quare
2882 3459 3016 3507 nen
3057 3438 3307 3523 mirum,
3351 3437 3585 3535 nullius

288 3610 303 3621 ,
358 3534 583 3631 'nider
620 3561 771 3629 pars
824 3538 993 3611 mule
1031 3541 1381 3609 commissis
1438 3562 1578 3610 cum
1619 3548 1800 3631 parte
1841 3545 1948 3623 ιίιι·
2016 3542 2167 3619 inde
2220 3565 2263 3609 a
2314 3539 2643 3609 Gordiane
2695 3542 3091 3631 imperatoris
3142 3544 3407 3631 reperiri
3455 3543 3583 3614 for·

374 3642 515 3713 tia:
548 3634 851 3726 aversis,
904 3652 1032 3711 aut
1086 3644 1157 3711 in
1225 3644 1396 3711 netis
1455 3644 1946 3734 chronologicis,
2018 3670 2203 3717 mam
2218 3636 2638 3733 argillaceam.

376 3754 493 3817 ιη
554 3733 987 3835 inscriptionis
1054 3747 1412 3834 pictur-aere
1476 3747 1619 3835 lege
1682 3750 1948 3837 tun-piter
2078 3780 2087 3816 ·.
2187 3747 2368 3817 Haec
2417 3768 2575 3836 erge
2635 3747 2767 3815 sive
2818 3713 3138 3837 exempla,
3190 3750 3324 3817 sive
3366 3754 3580 3816 aucte·

372 3826 661 3955 pessa.
705 3848 833 3917 Vel
882 3868 966 3939 ex
986 3846 1116 3923 his
1171 3870 1335 3937 epus
1374 3850 1444 3917 in
1482 3848 1764 3917 tenebris
1806 3872 1946 3938 per·
2013 3853 2228 3919 ritates
2250 3851 2582 3919 instruere
2620 3871 2741 3916 nes
2780 3859 3080 3937 pessunt,
3138 3856 3439 3937 majorem
3479 3871 3579 3917 su

374 3956 589 4023 m
644 3932 1087 4043 iutelligeres,
1131 3972 1354 4040 parum
1408 3951 1673 4020 solicitis
1727 3951 1945 4036 fabris,
2014 3975 2270 4044 peresse
2322 3953 2571 4041 copiam
2627 3972 2958 4045 numerum
2998 3961 3256 4019 tantum
3273 3952 3577 4034 smerum,

352 4061 489 4155 *3
506 4070 724 4141 mum
789 4052 1233 4171 eloquerentur
1303 4056 1475 4123 numi
1544 4055 1675 4136 sui,
1745 4055 1943 4124 mede
2013 4055 2377 4142 nullumque
2471 4053 2762 4122 malleum
2846 4063 3282 4142 expertorum,
3390 4073 3598 4141 quam

366 4162 663 4237 “mr
718 4156 938 4245 speeie
1035 4156 1449 4245 imponerent.
1613 4157 1961 4248 Commta,
2015 4157 2190 4226 credi
2228 4156 2420 4242 vulgo
2464 4154 2648 4223 solet.
2738 4155 2950 4233 Quare
2990 4176 3380 4246 nequaquam
3421 4174 3576 4221 een·

368 4254 561 4349 wd
614 4250 770 4331 hm
828 4274 903 4339 ὀ
932 4259 1175 4329 Severe
1242 4262 1481 4345 majore
1544 4258 1798 4329 lieentia
1846 4259 1947 4330 fa·
2013 4263 2192 4331 tiuue
2251 4258 2325 4325 in
2395 4256 2758 4327 adulterinis
2831 4258 3095 4347 putandi
3165 4268 3316 4327 aum
3386 4259 3597 4341 ιιιιιιιὶ,1

362 4371 571 4444 ω,
642 4361 886 4451 argenti
956 4361 1285 4469 monetarii
1351 4361 1632 4432 bonitate
1713 4384 1965 4454 operae
2016 4362 2163 4452 quia
2201 4369 2441 4499 tentum
2484 4357 2626 4443 fusi,
2672 4359 2849 4450 qued
2890 4361 3015 4430 sibi
3056 4382 3190 4435 nen
3229 4356 3414 4453 pauci
3439 4382 3579 4453 per·

504 4534 1348 4654 ιιιιισιαιιιμιιε.

386 4766 417 4787 κ
436 4674 599 4754 (Vel-
632 4681 712 4753 Ι.)
3140 4734 3190 4802 h
