4450 5542
519 2191 526 2198 “
653 2267 666 2274 ,
787 2193 1067 2284 ἱΙοιιίαο
1144 2191 1569 2277 adjunxisset,

747 2588 756 2596 ⁶
855 2501 1082 2596 donis,

997 439 1018 453 .
1359 413 1363 417 Α
1719 435 1724 442 ι
2139 369 2212 420 ,ι’

801 479 1002 576 ’162
1255 535 1300 560 .-
1525 477 1653 545 ·-¹·

801 661 1110 765 ,pulsum
1197 655 1374 727 Idem
1427 637 1652 748 repetit
1696 660 1882 730 infra
1938 655 2126 751 atque
2180 665 2275 732 sic
2319 663 2413 728 hi·

845 741 1102 859 storiam
1151 763 1384 832 retexit
1419 768 1498 841 '):
1600 762 1927 845 Sybaritas
1983 765 2205 832 iterum
2264 781 2413 831 exu-

845 868 943 933 les
1011 863 1357 953 impetratis
1434 864 1514 930 ab
1552 853 2072 950 Atheniensibus
2139 866 2412 947 auxiliis,

842 968 1207 1060 vocatisque
1266 966 1333 1032 in
1391 968 1756 1034 societatem
1823 989 1906 1034 ex
1958 957 2250 1035 universa
2298 968 2412 1035 Pe·

844 1065 1202 1158 loponneso
1257 1063 1507 1135 colonis
1559 1090 1849 1136 reversos
1902 1071 1970 1136 in
2023 1070 2287 1159 patriam
2330 1088 2415 1134 ex
2478 1070 2669 1140 aetati
2739 1081 3045 1178 repugnat
3114 1071 3299 1137 labor
3354 1071 3771 1158 perelegans,

846 1171 1084 1240 oraculi
1169 1173 1409 1239 monitu
1469 1187 1701 1258 prope
1778 1181 2050 1237 veterem
2137 1171 2414 1254 Sybarin

844 1273 1013 1364 apud
1074 1272 1346 1355 fontem,
1449 1274 1550 1338 cui
1616 1277 1848 1340 nomen
1919 1276 2231 1353 muriae,
2299 1294 2414 1340 no·

783 1418 797 1426 -
845 1399 987 1460 vam
1045 1375 1265 1442 urbem
1318 1371 1606 1456 molitos,
1692 1396 1876 1462 quam
1930 1397 1970 1442 a
2020 1375 2241 1443 fonte
2250 1377 2455 1451 Thu-

846 1485 1002 1546 riwm
1058 1476 1475 1574 appellavere.
1590 1475 1851 1544 Factum
1910 1476 2109 1558 istud,
2192 1486 2263 1542 ut
2298 1475 2415 1542 di·

849 1589 1013 1646 serte
1081 1578 1273 1662 docet
1331 1569 1680 1659 Dionysius
1735 1562 2311 1646 Halicarnassensis
2341 1580 2414 1659 Ἴ,

849 1701 1017 1747 anno
1069 1681 1148 1746 V.
1207 1681 1276 1748 O.
1319 1684 1499 1761 310.,
1594 1703 1751 1769 quo
1769 1681 1997 1749 eodem
2041 1699 2210 1750 anno
2256 1689 2416 1746 teste

850 1783 1057 1849 Pinnio
1101 1789 1149 1860 ¹¹)
1252 1779 1622 1852 Herodotus
1721 1780 1977 1852 Thuriis
2088 1781 2445 1848 historiam

850 1905 1024 1953 suam
1080 1883 1356 1951 condere
1409 1884 1650 1973 coepit,
1736 1889 1845 1978 qui
1886 1887 2087 1974 patria
2131 1883 2416 1951 Halicar-

851 1988 1168 2055 nassensis
1239 1997 1446 2054 tamen
1517 1988 1793 2056 Thurias
1856 1989 2032 2060 dici
2066 1985 2416 2065 consuevit,

854 2089 1031 2180 quod
1082 2090 1321 2157 socium
1375 2096 1446 2157 se
1499 2089 1903 2172 deducendae
1954 2090 2263 2156 Thurium
2302 2108 2416 2152 co·

1606 2243 1628 2260 .
1669 2203 1740 2261 ut
1809 2192 2016 2274 refert,
2071 2191 2304 2262 Strabo
2347 2197 2417 2267 ⁸.)

854 2297 957 2362 Ex
1028 2294 1303 2362 Diodori
1381 2295 1626 2362 calculo
1704 2294 1772 2362 id
1791 2283 1820 2296 ”
1851 2293 2081 2361 factum
2161 2291 2417 2366 biennio

856 2406 999 2464 ante
1017 2405 1085 2475 ¹).

1170 2498 1515 2566 concordia
1568 2500 1733 2566 inter
1783 2498 2062 2570 Thurios
2119 2497 2416 2564 constitit.

857 2589 1058 2668 Nam
1091 2621 1231 2666 cum
1292 2597 1531 2665 veteres
1588 2599 1922 2682 Sybaritae
1985 2599 2258 2666 colonos
2310 2597 2420 2664 ad·

858 2703 1123 2772 scititios
1176 2700 1507 2769 inferiores
1551 2699 1882 2782 ducerent,
1954 2701 2022 2767 hi
2064 2701 2221 2767 inito
2269 2720 2417 2765 con·

858 2806 1034 2886 silio,
1106 2824 1250 2870 nam
1287 2819 1566 2869 numero
1620 2805 1979 2891 superiores
2022 2803 2232 2881 fuere,
2299 2803 2418 2883 Sy·

859 2909 1091 2976 baritas
1153 2926 1384 2994 prope⁸
1426 2923 1646 2971 omnes
1699 2905 2125 2972 internecione
2185 2905 2419 2988 delent,

861 3025 927 3079 et
993 3019 1113 3082 s'uo
1189 3008 1405 3076 urbem
1477 3006 1736 3074 arbitrio
1817 3027 2034 3093 regere
2118 3008 2423 3095 incipiunt

729 3199 734 3204 ἱ
862 3114 1166 3202 permissa
1249 3108 1666 3190 Charondae
1707 3108 2198 3175 constituendae·
2266 3109 2421 3197 reip.

866 3238 1032 3320 cura.
1155 3212 1333 3280 Idem
1405 3211 1622 3297 paucis
1696 3212 1886 3279 docet
1954 3203 2330 3282 Aristoteles
2354 3218 2423 3288 ⁸).

989 3315 1110 3384 In
1194 3315 1314 3382 hac
1387 3315 1704 3394 oratione,
1795 3313 1970 3404 quod
2042 3307 2126 3380 ad
2200 3331 2425 3382 numos

865 3429 1226 3510 praesentes
1269 3418 1517 3496 attinet,
1575 3416 1744 3483 nihil
1790 3415 1959 3482 aliud
2000 3416 2238 3536 turbat,
2302 3414 2430 3481 nisi

868 3520 1043 3610 quod
1110 3518 1438 3585 Diodorus
1500 3517 1668 3586 hunc
1729 3516 2002 3588 civitatis
2054 3493 2429 3597 dissensum,

863 3633 942 3690 et
1009 3633 1282 3692 veterum
1346 3618 1774 3722 Sybaritarum
1849 3619 2104 3686 exitium
2174 3618 2429 3685 nimium
2547 3668 2551 3671 .

868 3726 1137 3812 tempori
1208 3711 1582 3790 constitutae
1651 3721 1973 3803 coloniae,
2055 3735 2193 3789 seu
2260 3737 2427 3787 anno

865 3826 947 3893 V.
992 3827 1061 3893 C.
1107 3823 1252 3902 310.
1297 3823 1608 3892 admovet.
1700 3819 1846 3902 Quo
1899 3823 2097 3904 enim,
2167 3831 2427 3912 quaeso,

866 3941 1158 4034 tempore
1213 3926 1558 3996 secundum
1625 3917 1789 3993 hanc
1848 3923 2166 4007 Dionysii
2233 3926 2429 3996 histo-

873 4032 1030 4102 riam
1073 4017 1452 4118 descriptum
1491 4028 1597 4095 hic
1638 4048 1890 4094 numum
1922 4015 2189 4098 ΣΤΒΑ
2233 4028 2434 4113 signa·

754 4135 791 4225 '¹
873 4144 1004 4206 tum
1059 4132 1442 4202 statuemus?
1527 4151 1606 4196 an
1661 4141 1807 4198 ante
1858 4111 2122 4228 primum
2177 4128 2434 4211 Sybari-

876 4245 1075 4300 tarum
1132 4233 1444 4301 excidium
1499 4233 1582 4298 D.
1637 4235 1786 4350 ante
1844 4215 2158 4302 Christum
2216 4230 2437 4300 annis?

1006 4448 1055 4512 ⁸)
1277 4491 1291 4506 .
1326 4473 1372 4508 c.
1625 4454 1716 4512 t)i
1701 4474 1752 4507 ιιι
1791 4453 1945 4525 Lysia
1979 4450 2045 4506 T.
2081 4452 2143 4506 ll.
2179 4471 2232 4519 p.
2272 4455 2355 4507 82.

1012 4532 1066 4597 s)
1101 4535 1334 4610 '‘10-.R‘P·
1375 4537 1428 4589 L·
1468 4525 1606 4590 Vss‘c.
1644 4542 1689 4590 3.
1831 4535 1886 4600 a)
1924 4556 1973 4604 p.
2013 4529 2130 4588 485.
2168 4536 2220 4588 io

1174 2396 1408 2462 Verum
1450 2420 1597 2483 non¹
1626 2397 1764 2479 diu,
1810 2396 2209 2485 prosequitur
2263 2395 2418 2460 Dio·
2463 2399 2475 2410 '

2076 455 2822 578 ιινόΑΝἰΑ.

2483 676 2579 731 ιιι·
2630 674 2793 734 tam
2840 605 3151 736 remotam
3230 627 3495 731 aetatem
3566 660 3892 744 diffitetur,
3936 721 3959 736 .,

2483 765 2647 848 dixi,
2743 769 2879 861 ejus
2931 764 3211 850 fabrica,
3312 775 3403 834 ct
3445 765 3763 833 literarum
3825 763 4050 830 forma.

2481 859 2585 933 An
2657 841 2878 955 paullo
2953 876 3106 954 post
3169 865 3557 933 restitutam
3586 869 3754 932 circa
3821 886 4056 932 annum
4134 891 4155 900 ·

2481 968 2564 1033 V.
2616 969 2699 1035 C.
2757 973 2909 1039 310.-
2969 968 3232 1036 urbem?
3316 963 3551 1063 Verum
3600 967 3772 1034 huic
3845 966 4057 1033 adhuc

3867 1077 4093 1157 caput-

2480 1171 2757 1240 Palladis
2828 1153 3086 1239 ιιιιιῙιιιιιι
3164 1181 3422 1240 exstans
3436 1220 3456 1255 ,
3506 1171 3519 1184 '
3568 1176 3828 1262 ejusque
3888 1173 4058 1237 nito-

2478 1275 2598 1356 ris,
2688 1273 2892 1362 qualis
2955 1272 3146 1340 illud
3180 1275 3251 1340 i'n
3307 1273 3742 1362 pulcherrimis
3799 1272 4058 1353 Veliae,

2462 1372 2845 1464 Metaponti
2909 1385 3028 1442 etc.
3093 1377 3295 1454 numis
3365 1377 3633 1459 sistitur3
3731 1385 4060 1463 praeterea

2483 1478 2905 1544 characterum
2946 1478 3059 1545 lex
3112 1480 3481 1561 novissima,
3548 1479 3673 1572 qui
3726 1477 3896 1545 istud
3939 1476 4057 1543 ad·

2481 1578 2607 1645 huc
2646 1599 2875 1665 aevum
2934 1581 3003 1645 in
3068 1580 3197 1647 hoc
3246 1582 3582 1670 praecipue
3638 1589 3840 1658 tractu
3894 1601 4056 1679 pro-

2480 1680 2689 1768 palam
2753 1682 3120 1750 inficiantur.
3236 1683 3480 1751 Confer
3541 1683 3728 1749 velim
3794 1701 4063 1748 numum

2481 1785 2758 1851 Buxenti
2836 1796 2900 1851 et
2960 1786 3167 1852 Siritis
3230 1785 3510 1876 ejusdem
3577 1784 3889 1852 Lucaniae
3950 1803 4059 1848 ur-

2484 1871 2655 1952 bium
2708 1905 2844 1953 non
2906 1885 3164 1954 multum
3229 1887 3466 1975 dispari
3522 1895 3756 1968 aetate,
3840 1894 3909 1951 ιιι
3964 1886 4058 1950 vi-

2469 1983 2720 2070 dimus,
2788 2007 3147 2076 percussum
3162 2037 3181 2071 ,
3255 1993 3320 2055 et
3342 2043 3351 2048 .
3370 1987 3668 2056 fabricam
3707 1987 3905 2055 bovis
3962 1987 4061 2052 in-

2487 2091 2650 2171 cusi,
2695 2101 2824 2160 tum
2868 2090 3080 2157 literas
3124 2094 3209 2157 Π
3214 2091 3335 2161 ΤΞ
3343 2088 3543 2156 ΟΕΣ
3591 2089 4067 2178 antiquissimae

2485 2192 2748 2259 rationis
2813 2213 2953 2262 oum
3013 2202 3345 2300 praesente
3386 2190 3711 2275 Sybaris,
3786 2213 3881 2258 ac
3922 2200 4064 2258 tum

2485 2293 2651 2361 aude
2726 2304 2936 2362 tantae
3019 2289 3198 2359 illum
3285 2279 3667 2382 antiquitatis
3732 2280 4057 2470 profiteriI

2486 2499 2697 2565 multis
2740 2499 2939 2565 serius
2983 2491 3200 2579 annis,
3274 2518 3460 2585 quam
3501 2497 3672 2567 istud
3694 2497 3926 2565 dicere
3967 2497 4062 2563 vi-
4050 2558 4093 2588 h.

2489 2599 2669 2668 detur
2738 2597 3100 2680 Diodorus,
3203 2600 3463 2667 alterum
3534 2601 3661 2668 hoc
3731 2600 4061 2685 Sybarita-

2484 2720 2620 2767 rum
2705 2700 2937 2768 factum
3009 2693 3413 2787 contigisse,
3493 2712 3558 2769 et
3643 2700 4060 2788 verisimiliter

2442 2812 2782 2892 vergente
2828 2800 2920 2869 ad
2973 2802 3159 2868 finem
3213 2802 3466 2870 saeculo
3511 2804 3622 2874 IV.
3675 2804 3849 2874 urbis
3903 2808 4059 2870 con·
4142 2845 4159 2852 -

2489 2903 2671 2972 ditae.
2792 2895 2884 2971 Et
2935 2917 3091 2972 vero'
3141 2906 3382 2971 auctori
3439 2905 3585 2970 huic
3629 2916 3835 2973 cetera
3877 2927 4058 2996 prae·
4054 2919 4079 2928 “

2490 3007 2661 3073 claro
2725 3027 2857 3074 non
2921 3006 3071 3072 satis
3098 2987 3345 3079 *fuisse
3380 3017 3655 3076 veterem
3704 3007 3892 3093 hujus
3956 3029 4063 3073 ur-
4062 3027 4093 3032 ”

2490 3107 2589 3178 bis
2644 3108 2967 3176 historiam
3026 3110 3370 3195 cognitam,
3443 3111 3594 3175 satis
3606 3119 3907 3202 apparet
3973 3130 4063 3176 ex

2491 3211 2623 3293 his,
2710 3231 2873 3298 quae
2936 3212 3201 3299 copiose
3255 3210 3338 3278 de
3390 3210 3732 3278 Charonda
3760 3211 4057 3277 Thurio-

2491 3334 2630 3389 rum
2678 3310 3038 3398 legislatore
3090 3313 3319 3380 eodem
3373 3313 3523 3380 lo‘co
3582 3334 3698 3400 per
3748 3312 4058 3398 insignem
4084 3335 4101 3354 ι

2495 3413 3064 3501 parachronismum
3124 3415 3343 3497 refert,
3397 3435 3616 3503 quem
3676 3418 3827 3502 jam=
3876 3424 4061 3481 nota·
4156 3411 4161 3420 ’

2492 3525 2639 3582 ιιιιιι
2684 3515 3119 3603 wesselingus
3162 3526 3206 3595 ι)
3224 3566 3242 3599 ,
3289 3525 3354 3583 et
3382 3516 3722 3603 Bentlejus
3749 3520 3819 3598 ¹³).

2668 3618 2749 3684 si·
2789 3618 2976 3705 igitur
3031 3639 3254 3686 numus
3295 3619 3404 3686 hic
3464 3618 3547 3686 ad
3586 3619 3843 3686 alteram
3882 3622 4065 3686 resti·

2496 3729 2665 3810 tutae
2744 3720 3011 3802 Sybaris
3078 3721 3398 3809 epocham
3479 3730 3578 3788 est
3647 3720 4067 3804 revocandus,

2498 3819 2668 3888 aliud
2720 3821 2905 3890 etiam
2957 3820 3177 3905 docet,
3242 3822 3427 3911 quod
3483 3817 3568 3889 ad
3620 3824 3795 3891 urbis
3846 3824 4071 3914 appel·

2497 3922 2837 3991 lationem
2864 3946 2906 3990 a
2976 3926 3160 3998 novis
3223 3925 3472 3994 colonis
3535 3924 3863 4000 inductam
3902 3945 4070 4013 .··per

2499 4026 2674 4093 tinet.
2769 4025 3003 4094 Strabo
3059 4037 3123 4094 et
3175 4027 3503 4094 Diodorus
3559 4027 3641 4095 ab
3692 4026 3793 4095 his
3834 4027 4073 4096 no'vam

2502 4126 2891 4195 aedificatam
2955 4130 3171 4198 urbem
3241 4150 3445 4219 prope
3514 4138 3786 4197 veterem
3857 4129 4073 4214 Syba-

2500 4231 2601 4296 rin
2643 4215 2976 4314 adserunt,
3053 4247 3312 4321 eamque
3364 4254 3404 4297 e
3454 4230 3635 4299 fonte
3675 4225 3915 4299 Thurin
3956 4253 4075 4321 op·

2490 4447 2939 4518 u)1,.xu.§s.
3076 4451 3396 4516 >nam

3542 4450 3602 4523 5)
3640 4451 3674 4504 l.
3708 4469 3750 4503 e.

2260 4551 2419 4610 netga
2460 4532 2606 4628 ωδ)
2645 4535 2808 4612 Ερίιι.
2850 4533 3057 4608 ΡΙιιΙμ..
3086 4555 3140 4604 p.
3174 4529 3296 4588 364.
3338 4566 3349 4570 -
