4450 5542
44 892 53 1219 ι

44 1284 47 1383 ἰ

380 671 861 745 Lacedaemone
943 676 1247 762 pecuniae
1325 696 1506 757 usus,
1593 677 1742 764 quia
1788 676 1961 759 .Ly·‘
2021 673 2221 743 fuisse
2287 674 2586 763 primum,
2661 677 2769 763 qui
2845 682 3135 747 monetae
3207 701 3388 747 usum
3457 699 3592 752 non

380 797 610 863 curgus
665 778 990 865 antiquata
1042 787 1299 851 moneta
1364 799 1551 845 aurea
1613 788 1678 845 et
1738 799 1951 866 argen-
2023 774 2276 864 quidem
2337 776 2605 858 invenit,
2613 780 2626 791 ⁰
2666 775 2809 866 sed·
2837 776 3106 849 Romain
3158 782 3430 866 invexit,
3496 808 3592 853 se-

376 890 483 945 tea
536 877 805 946 ferream
858 880 1133 963 invexit,
1201 889 1270 947 ut
1331 879 1664 968 perhibent
1713 880 1953 947 Plutar-
2022 887 2200 945 cutus
2283 877 2454 946 haud
2543 878 2734 966 dubie
2808 883 3162 972 exemplum
3246 886 3593 954 vicinorum

379 958 537 1047 chus
558 981 676 1065 ³',)
763 981 1066 1069 multique
1151 982 1329 1061 alii,
1381 1005 1541 1071 quos
1628 982 1951 1066 citabimus
1996 979 2456 1062 Graecorum,
2567 979 2958 1115 aliorumque
3062 986 3282 1055 Italiae
3390 1010 3594 1077 popu·

362 1083 445 1148 in
522 1082 728 1152 numia
800 1082 1312 1152 Lacedaemonis.
1416 1086 1615 1173 Ergo
1677 1094 1957 1154 moneta
2021 1080 2247 1148 lorum.

376 1183 479 1257 usi
505 1187 641 1269 jam
688 1170 835 1250 sunt
873 1184 1162 1253 Lacones
1205 1196 1351 1254 ante
1388 1187 1779 1275 Lycurgum,
1846 1188 1956 1277 qui
2195 1184 2512 1262 Quantum
2589 1184 2773 1270 igitur
2843 1184 2912 1251 in
2982 1186 3082 1254 his
3152 1187 3431 1256 tenebris
3501 1194 3592 1258 vi·

377 1285 592 1352 uomit
649 1284 770 1351 sub
829 1286 1091 1372 primam
1136 1287 1611 1378 Olympiadem,
1685 1301 1793 1358 aut
1857 1311 1952 1357 se-
2021 1282 2173 1351 dere
2236 1284 2413 1366 licet,
2498 1284 3048 1359 verisimillimum
3045 1300 3198 1377 est,
3275 1292 3592 1360 metallum

380 1388 699 1456 cundum
727 1378 889 1453 alios
964 1399 1210 1456 centum
1289 1402 1356 1459 et
1429 1391 1690 1480 amplius
1772 1392 1982 1459 annis
2020 1387 2186 1454 circa
2251 1385 2700 1505 olympiadum
2769 1388 3011 1456 initium
3075 1413 3405 1461 numorum
3463 1394 3590 1463 for·
3603 1456 3618 1481 ,

378 1501 557 1559 ante·
589 1488 1045 1578 olympiadum
1113 1491 1373 1562 initium.
1462 1495 1700 1561 Tamen
1772 1494 1949 1563 dubi·
2017 1510 2214 1557 mam·
2253 1490 2588 1578 accepisse

362 1596 497 1681 ,tati
533 1601 784 1696 potest,
857 1591 1165 1661 fuerintne
1224 1596 1295 1661 hi
1345 1598 1518 1664 numi
1573 1618 1719 1664 vere
1770 1596 1949 1682 taleae,
2018 1613 2102 1659 ex
2197 1593 2401 1659 numis
2495 1592 2651 1680 ipsis
2721 1592 3124 1681 adsignare
3177 1605 3590 1678 tentaverunt,

376 1694 597 1785 quales
654 1718 694 1760 a
735 1693 934 1763 nobis
986 1697 1222 1785 requiri
1274 1720 1464 1787 supra
1512 1697 1822 1787 diximus,
1888 1706 1953 1764 et
2021 1694 2299 1762 omnium
2336 1699 2472 1781 jam
2516 1694 2763 1781 judicio
2818 1695 3182 1784 planissiine
3237 1697 3392 1765 falsi·
3425 1709 3589 1780 sunt,
3677 1754 3680 1758 .

372 1819 507 1869 ιιοιι
572 1797 788 1885 potius
865 1797 1168 1889 pondera.
1300 1802 1468 1869 Sane
1538 1801 1755 1883 Plato,
1844 1809 1953 1867 aut
2020 1817 2149 1884 quo
2193 1796 2390 1864 modo
2434 1795 2632 1899 falsus
2687 1807 2856 1866 certe
2897 1799 3014 1869 fuit
3057 1797 3322 1867 Carolus
3363 1799 3590 1867 Schot-

375 1902 663 1990 quisquis
725 1903 945 1967 auctor
994 1910 1095 1967 est
1151 1901 1424 1990 dialogi,
1515 1905 1623 1991 qui
1681 1906 1954 1987 Eryxias
2018 1906 2154 1979 tus,
2221 1899 2329 1985 qui
2382 1892 2634 1980 numum
2680 1899 3047 1986 inscriptum
3093 1899 3332 1995 ΦΙΔΟ.
3386 1902 3586 1988 signa-

371 2001 762 2085 imm-ibitur,
819 2000 1053 2071 diserte
1105 2004 1302 2083 ait-y:
1371 2012 1442 2072 ἐν
1500 2006 1571 2072 δε
1623 2006 1950 2073 Λακεδαι-
2018 2008 2149 2096 tum
2192 2021 2234 2069 a
2273 1999 2565 2068 Phidone
2606 1997 2879 2087 Argiv‘o,
2933 2010 2999 2067 et
3036 2023 3178 2070 esse
3220 2025 3258 2068 e
3301 2006 3586 2093 vetustis·

370 2098 529 2189 ’μανι
556 2104 821 2193 σιδηρῳ
863 2106 1155 2190 σταθμῳ
1207 2106 1573 2191 νομιζουσι.
1657 2110 1950 2176 Lacedae-
2017 2100 2201 2170 simis*
2245 2123 2434 2185 unum
2460 2102 2782 2184 adseruit,
2836 2109 2906 2168 ut
2963 2100 3204 2170 dicetur-
3266 2104 3355 2172 in·
3384 2108 3589 2173 numis

369 2229 537 2277 ncnc
560 2217 763 2274 am
782 2206 1005 2288 ferreo
1037 2214 1303 2292 pondere
1341 2233 1458 2294 pro
1489 2233 1743 2294 pec-ma
1773 2223 1947 2278 wun-
2012 2204 2350 2272 Boeotiae.
2480 2203 2671 2271 Adde
2755 2203 3086 2287 Jobertum
3169 2202 3586 2290 adserentem,

371 2321 487 2378 tur.
570 2308 752 2396 Ergo
792 2309 853 2375 si
892 2308 1042 2376 ferri
1082 2310 1370 2399 pondus
1390 2312 1599 2398 potnit
1648 2312 1950 2401 pecuniae
2015 2327 2226 2393 reges,
2290 2306 2603 2397 urbesque
2656 2307 2931 2375 Graecas
3002 2305 3211 2374 multis
3265 2319 3428 2377 ante
3487 2332 3590 2380 ur·
3659 2340 3666 2345 ·
3755 2316 3758 2323 ‘
3894 2288 3908 2296 ’

372 2432 554 2477 mum
596 2410 951 2499 praestare,
1007 2413 1219 2502 potuit
1269 2414 1471 2481 etiam
1509 2415 1643 2480 auri
1684 2416 1949 2501 argenti·
2017 2408 2161 2475 bem
2233 2407 2549 2476 conditam
2615 2409 2793 2475 annis
2869 2411 2952 2475 'ex
3013 2408 3259 2497 triplice
3329 2412 3586 2479 metallo

376 2533 501 2601 que
538 2512 816 2619 pondus
903 2512 1042 2579 Jam
1095 2536 1255 2596 vcro
1296 2514 1559 2609 Solonis
1610 2522 1810 2583 aetate
1850 2537 1950 2582 ur·
2018 2531 2244 2577 numos
2308 2532 2547 2579 summa
2614 2510 2924 2615 elegantia
2989 2520 3053 2578 et
3104 2522 3238 2579 arte
3290 2513 3587 2604 signavis·

370 2615 491 2683 lies
533 2596 813 2685 Graecas
863 2617 1099 2704 passim
1150 2604 1416 2704 pecnnia
1470 2638 1647 2700 usas,
1704 2626 1957 2685 constat
2018 2634 2090 2680 se
2097 2610 2194 2695 '’,)
2272 2602 2431 2700 quae
2474 2612 2767 2703 quidem
2809 2614 3021 2681 omnia
3096 2607 3299 2683 alibi
3324 2616 3588 2704 copiose

375 2720 513 2803 ejas
574 2718 797 2805 ipius
842 2717 1227 2805 legislatoris
1286 2721 1674 2802 testimonio,
1746 2721 1950 2839 legem
2014 2711 2462 2783 refutabantur.
2578 2715 2826 2786 Numos
2898 2737 3040 2785 cum
3108 2716 3378 2805 imagine
3447 2718 3586 2786 Ho-

373 2819 630 2907 pnblice
682 2819 999 2887 recitantis
1063 2820 1151 2888 ab
1201 2822 1493 2894 omnibus
1546 2842 1748 2911 paene
1802 2822 1947 2891 civi·
2013 2816 2196 2899 meri,
2270 2815 2697 2906 Pythagorae,
2771 2817 3052 2901 Minois,
3126 2819 3377 2901 Midae,
3452 2818 3584 2889 Nu·

1621 482 2142 619 capv‘r
2243 515 2365 587 111.
2483 558 2496 571 x
2727 560 2782 577 .-
2935 473 3109 535 ³*
3395 544 3596 596 ·sx
3717 614 3730 625 .

2725 1491 2889 1577 Qui
2939 1492 3126 1561 altius
3208 1495 3286 1563 iis
3372 1518 3612 1565 aevum·
3683 1488 3736 1573 ’ἡ
3811 1474 3820 1483 ,

372 2921 613 2989 tatibus
660 2931 1007 3011 receptam,
1066 2943 1206 3009 »qua
1256 2923 1483 2991 mortis
1529 2946 1742 3013 poena
1790 2926 1945 2995 irro-

370 3032 569 3110 gatur
670 3023 757 3100 ci,
832 3024 971 3111 ·qui
1070 3036 1384 3093 monetam
1492 3027 1947 3097 adulteraverit.

370 3124 624 3192 Docuit
672 3144 773 3191 me
817 3126 987 3194 istud
1039 3126 1503 3201 Demosthenes
1518 3129 1609 3215 ξ).
1695 3129 1948 3197 Floruit

370 3224 588 3295 Solon
662 3226 1032 3307 ‚scmndum
1143 3230 1459 3300 Petavium
1566 3228 1946 3319 Olympiade

368 3326 609 3413 XLV„
676 3328 917 3418 fuitque
985 3336 1255 3423 coaevus
1314 3330 1661 3420 Tarquinio
1726 3332 1944 3399 Prisco

371 3431 599 3519 quinto
648 3430 1082 3500 Romanorum
1144 3434 1310 3521 regi,
1376 3444 1441 3501 et
1502 3433 1677 3517 Cyro
1729 3428 1944 3502 Persa-

366 3552 511 3617 rum
587 3534 755 3620 regi,
851 3555 1037 3623 quam
1106 3543 1368 3602 aetatem
1448 3536 1753 3623 attingere
1832 3556 1945 3603 nu·

362 3644 519 3703 nec
566 3634 1063 3724 vetustissimos,
1139 3658 1301 3726 quos
1364 3637 1665 3707 habemus
1732 3658 1944 3726 super-

294 3738 587 3821 -·atilea,
651 3737 841 3806 facile
904 3739 1313 3828 persuadetur
1375 3741 1487 3822 iis,
1568 3740 1678 3829 qui
1740 3739 1945 3809 numia

356 3839 693 3908 mbas
782 3840 1130 3909 mandis
1208 3852 1355 3909 sunt
1438 3839 1723 3923 adsueti,
1812 3851 1944 3908 tum

200 3920 921 4031 '-paoeb1texns‚
998 3943 1547 4032 quaedenumia
1566 3943 1940 4011 -vetustissi·

300 4096 305 4101 .
354 4040 493 4111 -Ε
560 4031 825 4133 magii,
899 4042 1193 4122 Zancles,
1276 4046 1614 4114 Messanae
1688 4043 1941 4112 docebi-

354 4160 529 4217 1..-
596 4144 917 4233 Accedit,
968 4164 1055 4215 ex
1108 4158 1360 4239 recepta
1411 4149 1647 4239 passim
1697 4157 1943 4215 senten·

354 4248 465 4319 fit
486 4248 825 4395 ‘Sa-vium
905 4250 1163 4363 Tullum
1238 4244 1437 4320 Prisci
1518 4248 1943 4318 successorem

504 4466 569 4540 y)
597 4468 657 4523 in
690 4468 906 4543 [genn.
1019 4460 1029 4471 ’
1080 4468 1132 4537 a)
1167 4469 1235 4523 'l'-
1269 4471 1330 4523 n.
1365 4491 1423 4541 p.
1456 4468 1576 4525 400.

356 4548 439 4609 τ.
472 4552 515 4607 ι.
546 4572 607 4624 p.
630 4552 693 4611 ,5.
726 4568 779 4609 «ι
811 4557 933 4610 ³¹⁵.

437 4648 603 4725 (ναι
641 4653 716 4717 ι.)

1748 4468 1804 4536 a)
1838 4468 1982 4523 Orat.
2026 4468 2141 4522 adv.
2178 4463 2460 4519 'rinomt-
2511 4484 2565 4534 p.
2600 4468 2718 4522 805.

2012 2939 2191 3001 mae,
2255 2918 2419 2987 Anci
2471 2930 2590 2988 etc.-
2643 2939 2776 2988 non
2815 2942 2966 2989 esse
3018 2920 3119 3011 his
3162 2921 3581 3004 synchronos,

2012 3019 2129 3088 sed
2209 3020 2411 3089 multo
2494 3024 2694 3091 serius
2767 3025 2843 3105 in
2925 3044 3144 3110 eorum
3224 3024 3585 3093 memoriam
3611 3106 3626 3115 ἣ

2013 3123 2354 3210 signatos,·
2386 3125 2502 3192 vel·
2541 3147 2798 3192 monere
2840 3114 3392 3214 supervacaneum'
3402 3136 3581 3214 puto.
3627 3120 3634 3131 ⁴
3775 3174 3806 3184 -

2183 3224 2292 3291 Ad
2376 3226 2534 3294 fines
2624 3227 2718 3293 rei
2807 3227 3269 3294 numismaticae
3354 3228 3582 3297 veteris

2015 3323 2190 3413 quod
2253 3327 2498 3409 attinet,
2571 3348 2684 3395 eos
2739 3328 2965 3421 partim
2994 3327 3342 3417 'statuimus
3399 3330 3580 3401 chro-
3671 3384 3682 3393 .

2012 3424 2385 3515 nologicos,
2474 3429 2699 3519 partim
2775 3427 3250 3519 geographicas.
3307 3498 3310 3507 ,
3381 3431 3618 3500 Chro··

2010 3521 2292 3617 nologici
2344 3533 2479 3615 ejus
2534 3531 2797 3615 initium,
2867 3540 2931 3598 et
2998 3531 3243 3600 exitum
3285 3530 3578 3621 defigunt.

2010 3624 2286 3701 Initium
2324 3633 2625 3705 continuo
2697 3630 3102 3703 definivimus.
3133 3641 3138 3644 ’
3197 3634 3425 3703 Exitus
3484 3659 3577 3705 se·

2012 3734 2281 3802 cundum
2359 3735 2515 3804 alias
2582 3735 2815 3805 classes
2877 3736 3035 3803 alius
3096 3745 3212 3803 cst.
3311 3737 3582 3806 Moneta

2009 3846 2188 3905 vetus
2234 3836 2683 3926 Hispaniensis
2747 3840 3092 3925 imperante
3148 3837 3337 3921 Caio,
3406 3838 3578 3906 dicto

2011 3938 2327 4027 Caligula,
2383 3939 2641 4023 desinit,
2705 3939 3025 4027 aliquanto
3078 3941 3372 4006 maturius
3428 3940 3577 4008 Gal-

2008 4039 2162 4122 lica,
2230 4051 2294 4108 et
2356 4042 2606 4125 Italica,
2679 4046 2940 4128 ejusque
2990 4038 3378 4122 insularum,
3403 4051 3475 4108 ιιι
3511 4042 3579 4109 in

2011 4143 2274 4231 singulis
2319 4141 2574 4210 dicetur.
2662 4142 2871 4209 Vrbes
2917 4142 3216 4210 Graeciae
3271 4164 3411 4227 cum
3451 4145 3579 4213 Eu-

2009 4250 2314 4335 ropacae,
2410 4253 2541 4310 tum
2613 4242 2959 4327 Asiaticae,
3046 4242 3181 4310 sive
3251 4266 3412 4334 quae
3479 4248 3578 4314 sui

2893 4462 2952 4529 b)
3004 4463 3221 4521 Science
3276 4467 3370 4521 dc·
3425 4463 3575 4521 Med.

3130 4697 3174 4764 b
